%YAML 1.1
%TAG !u! tag:unity3d.com,2011:
--- !u!29 &1
OcclusionCullingSettings:
  m_ObjectHideFlags: 0
  serializedVersion: 2
  m_OcclusionBakeSettings:
    smallestOccluder: 5
    smallestHole: 0.25
    backfaceThreshold: 100
  m_SceneGUID: 00000000000000000000000000000000
  m_OcclusionCullingData: {fileID: 0}
--- !u!104 &2
RenderSettings:
  m_ObjectHideFlags: 0
  serializedVersion: 9
  m_Fog: 0
  m_FogColor: {r: 0.5, g: 0.5, b: 0.5, a: 1}
  m_FogMode: 3
  m_FogDensity: 0.01
  m_LinearFogStart: 0
  m_LinearFogEnd: 300
  m_AmbientSkyColor: {r: 0.212, g: 0.227, b: 0.259, a: 1}
  m_AmbientEquatorColor: {r: 0.114, g: 0.125, b: 0.133, a: 1}
  m_AmbientGroundColor: {r: 0.047, g: 0.043, b: 0.035, a: 1}
  m_AmbientIntensity: 1
  m_AmbientMode: 0
  m_SubtractiveShadowColor: {r: 0.42, g: 0.478, b: 0.627, a: 1}
  m_SkyboxMaterial: {fileID: 10304, guid: 0000000000000000f000000000000000, type: 0}
  m_HaloStrength: 0.5
  m_FlareStrength: 1
  m_FlareFadeSpeed: 3
  m_HaloTexture: {fileID: 0}
  m_SpotCookie: {fileID: 10001, guid: 0000000000000000e000000000000000, type: 0}
  m_DefaultReflectionMode: 0
  m_DefaultReflectionResolution: 128
  m_ReflectionBounces: 1
  m_ReflectionIntensity: 1
  m_CustomReflection: {fileID: 0}
  m_Sun: {fileID: 0}
  m_IndirectSpecularColor: {r: 0.44657898, g: 0.4964133, b: 0.5748178, a: 1}
  m_UseRadianceAmbientProbe: 0
--- !u!157 &3
LightmapSettings:
  m_ObjectHideFlags: 0
  serializedVersion: 11
  m_GIWorkflowMode: 0
  m_GISettings:
    serializedVersion: 2
    m_BounceScale: 1
    m_IndirectOutputScale: 1
    m_AlbedoBoost: 1
    m_TemporalCoherenceThreshold: 1
    m_EnvironmentLightingMode: 0
    m_EnableBakedLightmaps: 1
    m_EnableRealtimeLightmaps: 1
  m_LightmapEditorSettings:
    serializedVersion: 10
    m_Resolution: 2
    m_BakeResolution: 40
    m_AtlasSize: 1024
    m_AO: 0
    m_AOMaxDistance: 1
    m_CompAOExponent: 1
    m_CompAOExponentDirect: 0
    m_Padding: 2
    m_LightmapParameters: {fileID: 0}
    m_LightmapsBakeMode: 1
    m_TextureCompression: 1
    m_FinalGather: 0
    m_FinalGatherFiltering: 1
    m_FinalGatherRayCount: 256
    m_ReflectionCompression: 2
    m_MixedBakeMode: 2
    m_BakeBackend: 0
    m_PVRSampling: 1
    m_PVRDirectSampleCount: 32
    m_PVRSampleCount: 500
    m_PVRBounces: 2
    m_PVRFilterTypeDirect: 0
    m_PVRFilterTypeIndirect: 0
    m_PVRFilterTypeAO: 0
    m_PVRFilteringMode: 1
    m_PVRCulling: 1
    m_PVRFilteringGaussRadiusDirect: 1
    m_PVRFilteringGaussRadiusIndirect: 5
    m_PVRFilteringGaussRadiusAO: 2
    m_PVRFilteringAtrousPositionSigmaDirect: 0.5
    m_PVRFilteringAtrousPositionSigmaIndirect: 2
    m_PVRFilteringAtrousPositionSigmaAO: 1
    m_ShowResolutionOverlay: 1
  m_LightingDataAsset: {fileID: 0}
  m_UseShadowmask: 1
--- !u!196 &4
NavMeshSettings:
  serializedVersion: 2
  m_ObjectHideFlags: 0
  m_BuildSettings:
    serializedVersion: 2
    agentTypeID: 0
    agentRadius: 0.5
    agentHeight: 2
    agentSlope: 45
    agentClimb: 0.4
    ledgeDropHeight: 0
    maxJumpAcrossDistance: 0
    minRegionArea: 2
    manualCellSize: 0
    cellSize: 0.16666667
    manualTileSize: 0
    tileSize: 256
    accuratePlacement: 0
    debug:
      m_Flags: 0
  m_NavMeshData: {fileID: 0}
--- !u!1 &306516813
GameObject:
  m_ObjectHideFlags: 0
  m_CorrespondingSourceObject: {fileID: 0}
  m_PrefabInternal: {fileID: 0}
  serializedVersion: 6
  m_Component:
  - component: {fileID: 306516818}
  - component: {fileID: 306516819}
  - component: {fileID: 306516817}
  - component: {fileID: 306516816}
  - component: {fileID: 306516815}
  - component: {fileID: 306516814}
  m_Layer: 0
  m_Name: Door1
  m_TagString: Respawn
  m_Icon: {fileID: 0}
  m_NavMeshLayer: 0
  m_StaticEditorFlags: 0
  m_IsActive: 1
--- !u!54 &306516814
Rigidbody:
  m_ObjectHideFlags: 0
  m_CorrespondingSourceObject: {fileID: 0}
  m_PrefabInternal: {fileID: 0}
  m_GameObject: {fileID: 306516813}
  serializedVersion: 2
  m_Mass: 1
  m_Drag: 0
  m_AngularDrag: 0.05
  m_UseGravity: 0
  m_IsKinematic: 1
  m_Interpolate: 0
  m_Constraints: 0
  m_CollisionDetection: 0
--- !u!23 &306516815
MeshRenderer:
  m_ObjectHideFlags: 0
  m_CorrespondingSourceObject: {fileID: 0}
  m_PrefabInternal: {fileID: 0}
  m_GameObject: {fileID: 306516813}
  m_Enabled: 1
  m_CastShadows: 1
  m_ReceiveShadows: 1
  m_DynamicOccludee: 1
  m_MotionVectors: 1
  m_LightProbeUsage: 1
  m_ReflectionProbeUsage: 1
  m_RenderingLayerMask: 4294967295
  m_Materials:
  - {fileID: 2100000, guid: 90893189c51228a409c505c13c96e08f, type: 2}
  m_StaticBatchInfo:
    firstSubMesh: 0
    subMeshCount: 0
  m_StaticBatchRoot: {fileID: 0}
  m_ProbeAnchor: {fileID: 0}
  m_LightProbeVolumeOverride: {fileID: 0}
  m_ScaleInLightmap: 1
  m_PreserveUVs: 1
  m_IgnoreNormalsForChartDetection: 0
  m_ImportantGI: 0
  m_StitchLightmapSeams: 0
  m_SelectedEditorRenderState: 3
  m_MinimumChartSize: 4
  m_AutoUVMaxDistance: 0.5
  m_AutoUVMaxAngle: 89
  m_LightmapParameters: {fileID: 0}
  m_SortingLayerID: 0
  m_SortingLayer: 0
  m_SortingOrder: 0
--- !u!65 &306516816
BoxCollider:
  m_ObjectHideFlags: 0
  m_CorrespondingSourceObject: {fileID: 0}
  m_PrefabInternal: {fileID: 0}
  m_GameObject: {fileID: 306516813}
  m_Material: {fileID: 0}
  m_IsTrigger: 1
  m_Enabled: 1
  serializedVersion: 2
  m_Size: {x: 1, y: 1, z: 1}
  m_Center: {x: 0, y: 0, z: 0}
--- !u!33 &306516817
MeshFilter:
  m_ObjectHideFlags: 0
  m_CorrespondingSourceObject: {fileID: 0}
  m_PrefabInternal: {fileID: 0}
  m_GameObject: {fileID: 306516813}
  m_Mesh: {fileID: 10202, guid: 0000000000000000e000000000000000, type: 0}
--- !u!4 &306516818
Transform:
  m_ObjectHideFlags: 0
  m_CorrespondingSourceObject: {fileID: 0}
  m_PrefabInternal: {fileID: 0}
  m_GameObject: {fileID: 306516813}
  m_LocalRotation: {x: 0, y: 0, z: 0, w: 1}
  m_LocalPosition: {x: 25.857338, y: 15.060938, z: 39.455166}
  m_LocalScale: {x: 3.6419415, y: 3.6419408, z: 3.6419408}
  m_Children:
  - {fileID: 812727955}
  m_Father: {fileID: 0}
  m_RootOrder: 6
  m_LocalEulerAnglesHint: {x: 0, y: 0, z: 0}
--- !u!114 &306516819
MonoBehaviour:
  m_ObjectHideFlags: 0
  m_CorrespondingSourceObject: {fileID: 0}
  m_PrefabInternal: {fileID: 0}
  m_GameObject: {fileID: 306516813}
  m_Enabled: 1
  m_EditorHideFlags: 0
  m_Script: {fileID: 11500000, guid: 8a304ab7ced92cd43a8f53c87598b63d, type: 3}
  m_Name: 
  m_EditorClassIdentifier: 
  sceneLink:
    m_SceneAsset: {fileID: 102900000, guid: 560d756568fb46e4d9c0f805a068a33f, type: 3}
    m_SceneName: EscenaInterior2
  doorLinkIndex: 0
  textMesh: {fileID: 812727951}
  level: 0
--- !u!1001 &339167693
Prefab:
  m_ObjectHideFlags: 0
  serializedVersion: 2
  m_Modification:
    m_TransformParent: {fileID: 0}
    m_Modifications:
    - target: {fileID: 224955087372621998, guid: a9767e1416868064382854ee1910886f,
        type: 2}
      propertyPath: m_LocalPosition.x
      value: 0
      objectReference: {fileID: 0}
    - target: {fileID: 224955087372621998, guid: a9767e1416868064382854ee1910886f,
        type: 2}
      propertyPath: m_LocalPosition.y
      value: 0
      objectReference: {fileID: 0}
    - target: {fileID: 224955087372621998, guid: a9767e1416868064382854ee1910886f,
        type: 2}
      propertyPath: m_LocalPosition.z
      value: 39.730904
      objectReference: {fileID: 0}
    - target: {fileID: 224955087372621998, guid: a9767e1416868064382854ee1910886f,
        type: 2}
      propertyPath: m_LocalRotation.x
      value: 0
      objectReference: {fileID: 0}
    - target: {fileID: 224955087372621998, guid: a9767e1416868064382854ee1910886f,
        type: 2}
      propertyPath: m_LocalRotation.y
      value: 0
      objectReference: {fileID: 0}
    - target: {fileID: 224955087372621998, guid: a9767e1416868064382854ee1910886f,
        type: 2}
      propertyPath: m_LocalRotation.z
      value: 0
      objectReference: {fileID: 0}
    - target: {fileID: 224955087372621998, guid: a9767e1416868064382854ee1910886f,
        type: 2}
      propertyPath: m_LocalRotation.w
      value: 1
      objectReference: {fileID: 0}
    - target: {fileID: 224955087372621998, guid: a9767e1416868064382854ee1910886f,
        type: 2}
      propertyPath: m_RootOrder
      value: 12
      objectReference: {fileID: 0}
    - target: {fileID: 224955087372621998, guid: a9767e1416868064382854ee1910886f,
        type: 2}
      propertyPath: m_AnchoredPosition.x
      value: 35
      objectReference: {fileID: 0}
    - target: {fileID: 224955087372621998, guid: a9767e1416868064382854ee1910886f,
        type: 2}
      propertyPath: m_AnchoredPosition.y
      value: 13.77
      objectReference: {fileID: 0}
    - target: {fileID: 224955087372621998, guid: a9767e1416868064382854ee1910886f,
        type: 2}
      propertyPath: m_SizeDelta.x
      value: 100
      objectReference: {fileID: 0}
    - target: {fileID: 224955087372621998, guid: a9767e1416868064382854ee1910886f,
        type: 2}
      propertyPath: m_SizeDelta.y
      value: 100
      objectReference: {fileID: 0}
    - target: {fileID: 224955087372621998, guid: a9767e1416868064382854ee1910886f,
        type: 2}
      propertyPath: m_AnchorMin.x
      value: 0.5
      objectReference: {fileID: 0}
    - target: {fileID: 224955087372621998, guid: a9767e1416868064382854ee1910886f,
        type: 2}
      propertyPath: m_AnchorMin.y
      value: 0.5
      objectReference: {fileID: 0}
    - target: {fileID: 224955087372621998, guid: a9767e1416868064382854ee1910886f,
        type: 2}
      propertyPath: m_AnchorMax.x
      value: 0.5
      objectReference: {fileID: 0}
    - target: {fileID: 224955087372621998, guid: a9767e1416868064382854ee1910886f,
        type: 2}
      propertyPath: m_AnchorMax.y
      value: 0.5
      objectReference: {fileID: 0}
    - target: {fileID: 224955087372621998, guid: a9767e1416868064382854ee1910886f,
        type: 2}
      propertyPath: m_Pivot.x
      value: 0.5
      objectReference: {fileID: 0}
    - target: {fileID: 224955087372621998, guid: a9767e1416868064382854ee1910886f,
        type: 2}
      propertyPath: m_Pivot.y
      value: 0.5
      objectReference: {fileID: 0}
    - target: {fileID: 224233633191660386, guid: a9767e1416868064382854ee1910886f,
        type: 2}
      propertyPath: m_LocalPosition.z
      value: 0
      objectReference: {fileID: 0}
    - target: {fileID: 114063043719381634, guid: a9767e1416868064382854ee1910886f,
        type: 2}
      propertyPath: data
      value: 
      objectReference: {fileID: 11400000, guid: a9d6371545c66d843a8c80941041c59c,
        type: 2}
    - target: {fileID: 114043518121113362, guid: a9767e1416868064382854ee1910886f,
        type: 2}
      propertyPath: data
      value: 
      objectReference: {fileID: 11400000, guid: 3af2123428b4a0a459f950164ad49d06,
        type: 2}
    - target: {fileID: 1002534402309004, guid: a9767e1416868064382854ee1910886f, type: 2}
      propertyPath: m_Name
      value: ResourceBox (2)
      objectReference: {fileID: 0}
    - target: {fileID: 114899745158028348, guid: a9767e1416868064382854ee1910886f,
        type: 2}
      propertyPath: data
      value: 
      objectReference: {fileID: 11400000, guid: 3af2123428b4a0a459f950164ad49d06,
        type: 2}
    - target: {fileID: 224755394552955028, guid: a9767e1416868064382854ee1910886f,
        type: 2}
      propertyPath: m_AnchorMin.y
      value: 1
      objectReference: {fileID: 0}
    - target: {fileID: 224755394552955028, guid: a9767e1416868064382854ee1910886f,
        type: 2}
      propertyPath: m_AnchorMax.y
      value: 1
      objectReference: {fileID: 0}
    - target: {fileID: 224755394552955028, guid: a9767e1416868064382854ee1910886f,
        type: 2}
      propertyPath: m_AnchoredPosition.x
      value: 45
      objectReference: {fileID: 0}
    - target: {fileID: 224755394552955028, guid: a9767e1416868064382854ee1910886f,
        type: 2}
      propertyPath: m_AnchoredPosition.y
      value: -50
      objectReference: {fileID: 0}
    - target: {fileID: 224755394552955028, guid: a9767e1416868064382854ee1910886f,
        type: 2}
      propertyPath: m_SizeDelta.x
      value: 60
      objectReference: {fileID: 0}
    - target: {fileID: 224755394552955028, guid: a9767e1416868064382854ee1910886f,
        type: 2}
      propertyPath: m_SizeDelta.y
      value: 60
      objectReference: {fileID: 0}
    - target: {fileID: 224946113808902502, guid: a9767e1416868064382854ee1910886f,
        type: 2}
      propertyPath: m_AnchorMin.y
      value: 1
      objectReference: {fileID: 0}
    - target: {fileID: 224946113808902502, guid: a9767e1416868064382854ee1910886f,
        type: 2}
      propertyPath: m_AnchorMax.y
      value: 1
      objectReference: {fileID: 0}
    - target: {fileID: 224946113808902502, guid: a9767e1416868064382854ee1910886f,
        type: 2}
      propertyPath: m_AnchoredPosition.x
      value: 111
      objectReference: {fileID: 0}
    - target: {fileID: 224946113808902502, guid: a9767e1416868064382854ee1910886f,
        type: 2}
      propertyPath: m_AnchoredPosition.y
      value: -50
      objectReference: {fileID: 0}
    - target: {fileID: 224946113808902502, guid: a9767e1416868064382854ee1910886f,
        type: 2}
      propertyPath: m_SizeDelta.x
      value: 60
      objectReference: {fileID: 0}
    - target: {fileID: 224946113808902502, guid: a9767e1416868064382854ee1910886f,
        type: 2}
      propertyPath: m_SizeDelta.y
      value: 60
      objectReference: {fileID: 0}
    - target: {fileID: 224231654969413464, guid: a9767e1416868064382854ee1910886f,
        type: 2}
      propertyPath: m_AnchorMin.y
      value: 1
      objectReference: {fileID: 0}
    - target: {fileID: 224231654969413464, guid: a9767e1416868064382854ee1910886f,
        type: 2}
      propertyPath: m_AnchorMax.y
      value: 1
      objectReference: {fileID: 0}
    - target: {fileID: 224231654969413464, guid: a9767e1416868064382854ee1910886f,
        type: 2}
      propertyPath: m_AnchoredPosition.x
      value: 177
      objectReference: {fileID: 0}
    - target: {fileID: 224231654969413464, guid: a9767e1416868064382854ee1910886f,
        type: 2}
      propertyPath: m_AnchoredPosition.y
      value: -50
      objectReference: {fileID: 0}
    - target: {fileID: 224231654969413464, guid: a9767e1416868064382854ee1910886f,
        type: 2}
      propertyPath: m_SizeDelta.x
      value: 60
      objectReference: {fileID: 0}
    - target: {fileID: 224231654969413464, guid: a9767e1416868064382854ee1910886f,
        type: 2}
      propertyPath: m_SizeDelta.y
      value: 60
      objectReference: {fileID: 0}
    m_RemovedComponents: []
  m_SourcePrefab: {fileID: 100100000, guid: a9767e1416868064382854ee1910886f, type: 2}
  m_IsPrefabAsset: 0
--- !u!1001 &348947699
Prefab:
  m_ObjectHideFlags: 0
  serializedVersion: 2
  m_Modification:
    m_TransformParent: {fileID: 0}
    m_Modifications:
    - target: {fileID: 4060268815897798, guid: 0efcd13e452664c42b7a969d5d6dfbca, type: 2}
      propertyPath: m_LocalPosition.x
      value: 126.633865
      objectReference: {fileID: 0}
    - target: {fileID: 4060268815897798, guid: 0efcd13e452664c42b7a969d5d6dfbca, type: 2}
      propertyPath: m_LocalPosition.y
      value: 79.91729
      objectReference: {fileID: 0}
    - target: {fileID: 4060268815897798, guid: 0efcd13e452664c42b7a969d5d6dfbca, type: 2}
      propertyPath: m_LocalPosition.z
      value: -25
      objectReference: {fileID: 0}
    - target: {fileID: 4060268815897798, guid: 0efcd13e452664c42b7a969d5d6dfbca, type: 2}
      propertyPath: m_LocalRotation.x
      value: 0
      objectReference: {fileID: 0}
    - target: {fileID: 4060268815897798, guid: 0efcd13e452664c42b7a969d5d6dfbca, type: 2}
      propertyPath: m_LocalRotation.y
      value: 0
      objectReference: {fileID: 0}
    - target: {fileID: 4060268815897798, guid: 0efcd13e452664c42b7a969d5d6dfbca, type: 2}
      propertyPath: m_LocalRotation.z
      value: 0
      objectReference: {fileID: 0}
    - target: {fileID: 4060268815897798, guid: 0efcd13e452664c42b7a969d5d6dfbca, type: 2}
      propertyPath: m_LocalRotation.w
      value: 1
      objectReference: {fileID: 0}
    - target: {fileID: 4060268815897798, guid: 0efcd13e452664c42b7a969d5d6dfbca, type: 2}
      propertyPath: m_RootOrder
      value: 4
      objectReference: {fileID: 0}
    m_RemovedComponents: []
  m_SourcePrefab: {fileID: 100100000, guid: 0efcd13e452664c42b7a969d5d6dfbca, type: 2}
  m_IsPrefabAsset: 0
--- !u!1 &517075689
GameObject:
  m_ObjectHideFlags: 0
  m_CorrespondingSourceObject: {fileID: 0}
  m_PrefabInternal: {fileID: 0}
  serializedVersion: 6
  m_Component:
  - component: {fileID: 517075692}
  - component: {fileID: 517075691}
  - component: {fileID: 517075690}
  m_Layer: 0
  m_Name: EventSystem
  m_TagString: Untagged
  m_Icon: {fileID: 0}
  m_NavMeshLayer: 0
  m_StaticEditorFlags: 0
  m_IsActive: 1
--- !u!114 &517075690
MonoBehaviour:
  m_ObjectHideFlags: 0
  m_CorrespondingSourceObject: {fileID: 0}
  m_PrefabInternal: {fileID: 0}
  m_GameObject: {fileID: 517075689}
  m_Enabled: 1
  m_EditorHideFlags: 0
  m_Script: {fileID: 1077351063, guid: f70555f144d8491a825f0804e09c671c, type: 3}
  m_Name: 
  m_EditorClassIdentifier: 
  m_HorizontalAxis: Horizontal
  m_VerticalAxis: Vertical
  m_SubmitButton: Submit
  m_CancelButton: Cancel
  m_InputActionsPerSecond: 10
  m_RepeatDelay: 0.5
  m_ForceModuleActive: 0
--- !u!114 &517075691
MonoBehaviour:
  m_ObjectHideFlags: 0
  m_CorrespondingSourceObject: {fileID: 0}
  m_PrefabInternal: {fileID: 0}
  m_GameObject: {fileID: 517075689}
  m_Enabled: 1
  m_EditorHideFlags: 0
  m_Script: {fileID: -619905303, guid: f70555f144d8491a825f0804e09c671c, type: 3}
  m_Name: 
  m_EditorClassIdentifier: 
  m_FirstSelected: {fileID: 0}
  m_sendNavigationEvents: 1
  m_DragThreshold: 5
--- !u!4 &517075692
Transform:
  m_ObjectHideFlags: 0
  m_CorrespondingSourceObject: {fileID: 0}
  m_PrefabInternal: {fileID: 0}
  m_GameObject: {fileID: 517075689}
  m_LocalRotation: {x: 0, y: 0, z: 0, w: 1}
  m_LocalPosition: {x: 0, y: 0, z: 0}
  m_LocalScale: {x: 1, y: 1, z: 1}
  m_Children: []
  m_Father: {fileID: 0}
  m_RootOrder: 8
  m_LocalEulerAnglesHint: {x: 0, y: 0, z: 0}
--- !u!1001 &547998108
Prefab:
  m_ObjectHideFlags: 0
  serializedVersion: 2
  m_Modification:
    m_TransformParent: {fileID: 0}
    m_Modifications:
    - target: {fileID: 114791743393160802, guid: 0267008bff91da649a51060e49ce46df,
        type: 2}
      propertyPath: rBoxes.Array.size
      value: 3
      objectReference: {fileID: 0}
    - target: {fileID: 4028840708259974, guid: 0267008bff91da649a51060e49ce46df, type: 2}
      propertyPath: m_LocalPosition.x
      value: 37.597733
      objectReference: {fileID: 0}
    - target: {fileID: 4028840708259974, guid: 0267008bff91da649a51060e49ce46df, type: 2}
      propertyPath: m_LocalPosition.y
      value: 11.663286
      objectReference: {fileID: 0}
    - target: {fileID: 4028840708259974, guid: 0267008bff91da649a51060e49ce46df, type: 2}
      propertyPath: m_LocalPosition.z
      value: 31.227325
      objectReference: {fileID: 0}
    - target: {fileID: 4028840708259974, guid: 0267008bff91da649a51060e49ce46df, type: 2}
      propertyPath: m_LocalRotation.x
      value: 0
      objectReference: {fileID: 0}
    - target: {fileID: 4028840708259974, guid: 0267008bff91da649a51060e49ce46df, type: 2}
      propertyPath: m_LocalRotation.y
      value: 0
      objectReference: {fileID: 0}
    - target: {fileID: 4028840708259974, guid: 0267008bff91da649a51060e49ce46df, type: 2}
      propertyPath: m_LocalRotation.z
      value: 0
      objectReference: {fileID: 0}
    - target: {fileID: 4028840708259974, guid: 0267008bff91da649a51060e49ce46df, type: 2}
      propertyPath: m_LocalRotation.w
      value: 1
      objectReference: {fileID: 0}
    - target: {fileID: 4028840708259974, guid: 0267008bff91da649a51060e49ce46df, type: 2}
      propertyPath: m_RootOrder
      value: 9
      objectReference: {fileID: 0}
    - target: {fileID: 114791743393160802, guid: 0267008bff91da649a51060e49ce46df,
        type: 2}
      propertyPath: rBoxes.Array.data[0]
      value: 
      objectReference: {fileID: 1378364409}
    - target: {fileID: 114791743393160802, guid: 0267008bff91da649a51060e49ce46df,
        type: 2}
      propertyPath: rBoxes.Array.data[1]
      value: 
      objectReference: {fileID: 631644222}
    - target: {fileID: 114791743393160802, guid: 0267008bff91da649a51060e49ce46df,
        type: 2}
      propertyPath: rBoxes.Array.data[2]
      value: 
      objectReference: {fileID: 1800486230}
    m_RemovedComponents: []
  m_SourcePrefab: {fileID: 100100000, guid: 0267008bff91da649a51060e49ce46df, type: 2}
  m_IsPrefabAsset: 0
--- !u!1 &592565090
GameObject:
  m_ObjectHideFlags: 0
  m_CorrespondingSourceObject: {fileID: 0}
  m_PrefabInternal: {fileID: 0}
  serializedVersion: 6
  m_Component:
  - component: {fileID: 592565093}
  - component: {fileID: 592565092}
  - component: {fileID: 592565091}
  m_Layer: 0
  m_Name: GameObject
  m_TagString: Respawn
  m_Icon: {fileID: 0}
  m_NavMeshLayer: 0
  m_StaticEditorFlags: 0
  m_IsActive: 1
--- !u!54 &592565091
Rigidbody:
  m_ObjectHideFlags: 0
  m_CorrespondingSourceObject: {fileID: 0}
  m_PrefabInternal: {fileID: 0}
  m_GameObject: {fileID: 592565090}
  serializedVersion: 2
  m_Mass: 1
  m_Drag: 0
  m_AngularDrag: 0.05
  m_UseGravity: 0
  m_IsKinematic: 1
  m_Interpolate: 0
  m_Constraints: 0
  m_CollisionDetection: 0
--- !u!65 &592565092
BoxCollider:
  m_ObjectHideFlags: 0
  m_CorrespondingSourceObject: {fileID: 0}
  m_PrefabInternal: {fileID: 0}
  m_GameObject: {fileID: 592565090}
  m_Material: {fileID: 0}
  m_IsTrigger: 1
  m_Enabled: 1
  serializedVersion: 2
  m_Size: {x: 1, y: 1, z: 1}
  m_Center: {x: 0, y: 0, z: 0}
--- !u!4 &592565093
Transform:
  m_ObjectHideFlags: 0
  m_CorrespondingSourceObject: {fileID: 0}
  m_PrefabInternal: {fileID: 0}
  m_GameObject: {fileID: 592565090}
  m_LocalRotation: {x: 0, y: 0, z: 0, w: 1}
  m_LocalPosition: {x: 28.892786, y: 13.79, z: 40.64}
  m_LocalScale: {x: 1, y: 1, z: 1}
  m_Children: []
  m_Father: {fileID: 0}
  m_RootOrder: 3
  m_LocalEulerAnglesHint: {x: 0, y: 0, z: 0}
--- !u!114 &631644222 stripped
MonoBehaviour:
  m_CorrespondingSourceObject: {fileID: 114729290417282642, guid: a9767e1416868064382854ee1910886f,
    type: 2}
  m_PrefabInternal: {fileID: 748220470}
  m_Script: {fileID: 11500000, guid: 66d320f0f77d75348ad5d3a9fa738985, type: 3}
--- !u!1001 &656345192
Prefab:
  m_ObjectHideFlags: 0
  serializedVersion: 2
  m_Modification:
    m_TransformParent: {fileID: 0}
    m_Modifications:
    - target: {fileID: 4565340830643788, guid: b36623ea7f46e194e8d5361c6eb6afd4, type: 2}
      propertyPath: m_LocalPosition.x
      value: 48.111
      objectReference: {fileID: 0}
    - target: {fileID: 4565340830643788, guid: b36623ea7f46e194e8d5361c6eb6afd4, type: 2}
      propertyPath: m_LocalPosition.y
      value: 14.42
      objectReference: {fileID: 0}
    - target: {fileID: 4565340830643788, guid: b36623ea7f46e194e8d5361c6eb6afd4, type: 2}
      propertyPath: m_LocalPosition.z
      value: 39.441
      objectReference: {fileID: 0}
    - target: {fileID: 4565340830643788, guid: b36623ea7f46e194e8d5361c6eb6afd4, type: 2}
      propertyPath: m_LocalRotation.x
      value: 0
      objectReference: {fileID: 0}
    - target: {fileID: 4565340830643788, guid: b36623ea7f46e194e8d5361c6eb6afd4, type: 2}
      propertyPath: m_LocalRotation.y
      value: 0
      objectReference: {fileID: 0}
    - target: {fileID: 4565340830643788, guid: b36623ea7f46e194e8d5361c6eb6afd4, type: 2}
      propertyPath: m_LocalRotation.z
      value: 0
      objectReference: {fileID: 0}
    - target: {fileID: 4565340830643788, guid: b36623ea7f46e194e8d5361c6eb6afd4, type: 2}
      propertyPath: m_LocalRotation.w
      value: 1
      objectReference: {fileID: 0}
    - target: {fileID: 4565340830643788, guid: b36623ea7f46e194e8d5361c6eb6afd4, type: 2}
      propertyPath: m_RootOrder
      value: 13
      objectReference: {fileID: 0}
    m_RemovedComponents:
    - {fileID: 33995673885624298, guid: b36623ea7f46e194e8d5361c6eb6afd4, type: 2}
    - {fileID: 23405375498891286, guid: b36623ea7f46e194e8d5361c6eb6afd4, type: 2}
  m_SourcePrefab: {fileID: 100100000, guid: b36623ea7f46e194e8d5361c6eb6afd4, type: 2}
  m_IsPrefabAsset: 0
--- !u!1001 &748220470
Prefab:
  m_ObjectHideFlags: 0
  serializedVersion: 2
  m_Modification:
    m_TransformParent: {fileID: 0}
    m_Modifications:
    - target: {fileID: 224955087372621998, guid: a9767e1416868064382854ee1910886f,
        type: 2}
      propertyPath: m_LocalPosition.x
      value: 0
      objectReference: {fileID: 0}
    - target: {fileID: 224955087372621998, guid: a9767e1416868064382854ee1910886f,
        type: 2}
      propertyPath: m_LocalPosition.y
      value: 0
      objectReference: {fileID: 0}
    - target: {fileID: 224955087372621998, guid: a9767e1416868064382854ee1910886f,
        type: 2}
      propertyPath: m_LocalPosition.z
      value: 39.730904
      objectReference: {fileID: 0}
    - target: {fileID: 224955087372621998, guid: a9767e1416868064382854ee1910886f,
        type: 2}
      propertyPath: m_LocalRotation.x
      value: 0
      objectReference: {fileID: 0}
    - target: {fileID: 224955087372621998, guid: a9767e1416868064382854ee1910886f,
        type: 2}
      propertyPath: m_LocalRotation.y
      value: 0
      objectReference: {fileID: 0}
    - target: {fileID: 224955087372621998, guid: a9767e1416868064382854ee1910886f,
        type: 2}
      propertyPath: m_LocalRotation.z
      value: 0
      objectReference: {fileID: 0}
    - target: {fileID: 224955087372621998, guid: a9767e1416868064382854ee1910886f,
        type: 2}
      propertyPath: m_LocalRotation.w
      value: 1
      objectReference: {fileID: 0}
    - target: {fileID: 224955087372621998, guid: a9767e1416868064382854ee1910886f,
        type: 2}
      propertyPath: m_RootOrder
      value: 11
      objectReference: {fileID: 0}
    - target: {fileID: 224955087372621998, guid: a9767e1416868064382854ee1910886f,
        type: 2}
      propertyPath: m_AnchoredPosition.x
      value: 40.7
      objectReference: {fileID: 0}
    - target: {fileID: 224955087372621998, guid: a9767e1416868064382854ee1910886f,
        type: 2}
      propertyPath: m_AnchoredPosition.y
      value: 13.77
      objectReference: {fileID: 0}
    - target: {fileID: 224955087372621998, guid: a9767e1416868064382854ee1910886f,
        type: 2}
      propertyPath: m_SizeDelta.x
      value: 100
      objectReference: {fileID: 0}
    - target: {fileID: 224955087372621998, guid: a9767e1416868064382854ee1910886f,
        type: 2}
      propertyPath: m_SizeDelta.y
      value: 100
      objectReference: {fileID: 0}
    - target: {fileID: 224955087372621998, guid: a9767e1416868064382854ee1910886f,
        type: 2}
      propertyPath: m_AnchorMin.x
      value: 0.5
      objectReference: {fileID: 0}
    - target: {fileID: 224955087372621998, guid: a9767e1416868064382854ee1910886f,
        type: 2}
      propertyPath: m_AnchorMin.y
      value: 0.5
      objectReference: {fileID: 0}
    - target: {fileID: 224955087372621998, guid: a9767e1416868064382854ee1910886f,
        type: 2}
      propertyPath: m_AnchorMax.x
      value: 0.5
      objectReference: {fileID: 0}
    - target: {fileID: 224955087372621998, guid: a9767e1416868064382854ee1910886f,
        type: 2}
      propertyPath: m_AnchorMax.y
      value: 0.5
      objectReference: {fileID: 0}
    - target: {fileID: 224955087372621998, guid: a9767e1416868064382854ee1910886f,
        type: 2}
      propertyPath: m_Pivot.x
      value: 0.5
      objectReference: {fileID: 0}
    - target: {fileID: 224955087372621998, guid: a9767e1416868064382854ee1910886f,
        type: 2}
      propertyPath: m_Pivot.y
      value: 0.5
      objectReference: {fileID: 0}
    - target: {fileID: 224233633191660386, guid: a9767e1416868064382854ee1910886f,
        type: 2}
      propertyPath: m_LocalPosition.z
      value: 0
      objectReference: {fileID: 0}
    - target: {fileID: 114063043719381634, guid: a9767e1416868064382854ee1910886f,
        type: 2}
      propertyPath: data
      value: 
      objectReference: {fileID: 11400000, guid: e4ac89e6194705f42af0c9f21e7b6a30,
        type: 2}
    - target: {fileID: 114043518121113362, guid: a9767e1416868064382854ee1910886f,
        type: 2}
      propertyPath: data
      value: 
      objectReference: {fileID: 11400000, guid: e4ac89e6194705f42af0c9f21e7b6a30,
        type: 2}
    - target: {fileID: 1002534402309004, guid: a9767e1416868064382854ee1910886f, type: 2}
      propertyPath: m_Name
      value: ResourceBox (1)
      objectReference: {fileID: 0}
    - target: {fileID: 114899745158028348, guid: a9767e1416868064382854ee1910886f,
        type: 2}
      propertyPath: data
      value: 
      objectReference: {fileID: 11400000, guid: e4ac89e6194705f42af0c9f21e7b6a30,
        type: 2}
    - target: {fileID: 224755394552955028, guid: a9767e1416868064382854ee1910886f,
        type: 2}
      propertyPath: m_AnchorMin.y
      value: 1
      objectReference: {fileID: 0}
    - target: {fileID: 224755394552955028, guid: a9767e1416868064382854ee1910886f,
        type: 2}
      propertyPath: m_AnchorMax.y
      value: 1
      objectReference: {fileID: 0}
    - target: {fileID: 224755394552955028, guid: a9767e1416868064382854ee1910886f,
        type: 2}
      propertyPath: m_AnchoredPosition.x
      value: 45
      objectReference: {fileID: 0}
    - target: {fileID: 224755394552955028, guid: a9767e1416868064382854ee1910886f,
        type: 2}
      propertyPath: m_AnchoredPosition.y
      value: -50
      objectReference: {fileID: 0}
    - target: {fileID: 224755394552955028, guid: a9767e1416868064382854ee1910886f,
        type: 2}
      propertyPath: m_SizeDelta.x
      value: 60
      objectReference: {fileID: 0}
    - target: {fileID: 224755394552955028, guid: a9767e1416868064382854ee1910886f,
        type: 2}
      propertyPath: m_SizeDelta.y
      value: 60
      objectReference: {fileID: 0}
    - target: {fileID: 224946113808902502, guid: a9767e1416868064382854ee1910886f,
        type: 2}
      propertyPath: m_AnchorMin.y
      value: 1
      objectReference: {fileID: 0}
    - target: {fileID: 224946113808902502, guid: a9767e1416868064382854ee1910886f,
        type: 2}
      propertyPath: m_AnchorMax.y
      value: 1
      objectReference: {fileID: 0}
    - target: {fileID: 224946113808902502, guid: a9767e1416868064382854ee1910886f,
        type: 2}
      propertyPath: m_AnchoredPosition.x
      value: 111
      objectReference: {fileID: 0}
    - target: {fileID: 224946113808902502, guid: a9767e1416868064382854ee1910886f,
        type: 2}
      propertyPath: m_AnchoredPosition.y
      value: -50
      objectReference: {fileID: 0}
    - target: {fileID: 224946113808902502, guid: a9767e1416868064382854ee1910886f,
        type: 2}
      propertyPath: m_SizeDelta.x
      value: 60
      objectReference: {fileID: 0}
    - target: {fileID: 224946113808902502, guid: a9767e1416868064382854ee1910886f,
        type: 2}
      propertyPath: m_SizeDelta.y
      value: 60
      objectReference: {fileID: 0}
    - target: {fileID: 224231654969413464, guid: a9767e1416868064382854ee1910886f,
        type: 2}
      propertyPath: m_AnchorMin.y
      value: 1
      objectReference: {fileID: 0}
    - target: {fileID: 224231654969413464, guid: a9767e1416868064382854ee1910886f,
        type: 2}
      propertyPath: m_AnchorMax.y
      value: 1
      objectReference: {fileID: 0}
    - target: {fileID: 224231654969413464, guid: a9767e1416868064382854ee1910886f,
        type: 2}
      propertyPath: m_AnchoredPosition.x
      value: 177
      objectReference: {fileID: 0}
    - target: {fileID: 224231654969413464, guid: a9767e1416868064382854ee1910886f,
        type: 2}
      propertyPath: m_AnchoredPosition.y
      value: -50
      objectReference: {fileID: 0}
    - target: {fileID: 224231654969413464, guid: a9767e1416868064382854ee1910886f,
        type: 2}
      propertyPath: m_SizeDelta.x
      value: 60
      objectReference: {fileID: 0}
    - target: {fileID: 224231654969413464, guid: a9767e1416868064382854ee1910886f,
        type: 2}
      propertyPath: m_SizeDelta.y
      value: 60
      objectReference: {fileID: 0}
    m_RemovedComponents: []
  m_SourcePrefab: {fileID: 100100000, guid: a9767e1416868064382854ee1910886f, type: 2}
  m_IsPrefabAsset: 0
--- !u!114 &801889520 stripped
MonoBehaviour:
  m_CorrespondingSourceObject: {fileID: 114227634954672852, guid: b36623ea7f46e194e8d5361c6eb6afd4,
    type: 2}
  m_PrefabInternal: {fileID: 656345192}
  m_Script: {fileID: 11500000, guid: 8a304ab7ced92cd43a8f53c87598b63d, type: 3}
--- !u!1 &812727951
GameObject:
  m_ObjectHideFlags: 0
  m_CorrespondingSourceObject: {fileID: 1763455707255848, guid: a9767e1416868064382854ee1910886f,
    type: 2}
  m_PrefabInternal: {fileID: 0}
  serializedVersion: 6
  m_Component:
  - component: {fileID: 812727955}
  - component: {fileID: 812727954}
  - component: {fileID: 812727953}
  - component: {fileID: 812727952}
  m_Layer: 11
  m_Name: Text
  m_TagString: Untagged
  m_Icon: {fileID: 0}
  m_NavMeshLayer: 0
  m_StaticEditorFlags: 0
  m_IsActive: 0
--- !u!114 &812727952
MonoBehaviour:
  m_ObjectHideFlags: 0
  m_CorrespondingSourceObject: {fileID: 114087990033304974, guid: a9767e1416868064382854ee1910886f,
    type: 2}
  m_PrefabInternal: {fileID: 0}
  m_GameObject: {fileID: 812727951}
  m_Enabled: 1
  m_EditorHideFlags: 0
  m_Script: {fileID: 11500000, guid: af233f99975c7e547b350999f1864e84, type: 3}
  m_Name: 
  m_EditorClassIdentifier: 
--- !u!102 &812727953
TextMesh:
  serializedVersion: 3
  m_ObjectHideFlags: 0
  m_CorrespondingSourceObject: {fileID: 102200935409320644, guid: a9767e1416868064382854ee1910886f,
    type: 2}
  m_PrefabInternal: {fileID: 0}
  m_GameObject: {fileID: 812727951}
  m_Text: Presione "E" para interactuar
  m_OffsetZ: 0
  m_CharacterSize: 0.5
  m_LineSpacing: 1
  m_Anchor: 4
  m_Alignment: 0
  m_TabSize: 4
  m_FontSize: 0
  m_FontStyle: 0
  m_RichText: 1
  m_Font: {fileID: 0}
  m_Color:
    serializedVersion: 2
    rgba: 4278190080
--- !u!23 &812727954
MeshRenderer:
  m_ObjectHideFlags: 0
  m_CorrespondingSourceObject: {fileID: 23313237837789382, guid: a9767e1416868064382854ee1910886f,
    type: 2}
  m_PrefabInternal: {fileID: 0}
  m_GameObject: {fileID: 812727951}
  m_Enabled: 1
  m_CastShadows: 1
  m_ReceiveShadows: 1
  m_DynamicOccludee: 1
  m_MotionVectors: 1
  m_LightProbeUsage: 1
  m_ReflectionProbeUsage: 1
  m_RenderingLayerMask: 4294967295
  m_Materials:
  - {fileID: 10100, guid: 0000000000000000e000000000000000, type: 0}
  m_StaticBatchInfo:
    firstSubMesh: 0
    subMeshCount: 0
  m_StaticBatchRoot: {fileID: 0}
  m_ProbeAnchor: {fileID: 0}
  m_LightProbeVolumeOverride: {fileID: 0}
  m_ScaleInLightmap: 1
  m_PreserveUVs: 0
  m_IgnoreNormalsForChartDetection: 0
  m_ImportantGI: 0
  m_StitchLightmapSeams: 0
  m_SelectedEditorRenderState: 3
  m_MinimumChartSize: 4
  m_AutoUVMaxDistance: 0.5
  m_AutoUVMaxAngle: 89
  m_LightmapParameters: {fileID: 0}
  m_SortingLayerID: 0
  m_SortingLayer: 0
  m_SortingOrder: 0
--- !u!4 &812727955
Transform:
  m_ObjectHideFlags: 0
  m_CorrespondingSourceObject: {fileID: 4646662598087864, guid: a9767e1416868064382854ee1910886f,
    type: 2}
  m_PrefabInternal: {fileID: 0}
  m_GameObject: {fileID: 812727951}
  m_LocalRotation: {x: -0, y: 0.92387956, z: -0.38268343, w: 0}
  m_LocalPosition: {x: 0, y: 0.6629998, z: -0.0038891272}
  m_LocalScale: {x: 0.2745791, y: 0.27457887, z: 0.274579}
  m_Children: []
  m_Father: {fileID: 306516818}
  m_RootOrder: 0
  m_LocalEulerAnglesHint: {x: 45, y: 180, z: 0}
--- !u!1001 &860796837
Prefab:
  m_ObjectHideFlags: 0
  serializedVersion: 2
  m_Modification:
    m_TransformParent: {fileID: 0}
    m_Modifications:
    - target: {fileID: 4192486848585406, guid: a9fb563e49897114aa00ada020a43384, type: 2}
      propertyPath: m_LocalPosition.x
      value: 0
      objectReference: {fileID: 0}
    - target: {fileID: 4192486848585406, guid: a9fb563e49897114aa00ada020a43384, type: 2}
      propertyPath: m_LocalPosition.y
      value: 0
      objectReference: {fileID: 0}
    - target: {fileID: 4192486848585406, guid: a9fb563e49897114aa00ada020a43384, type: 2}
      propertyPath: m_LocalPosition.z
      value: 0
      objectReference: {fileID: 0}
    - target: {fileID: 4192486848585406, guid: a9fb563e49897114aa00ada020a43384, type: 2}
      propertyPath: m_LocalRotation.x
      value: 0
      objectReference: {fileID: 0}
    - target: {fileID: 4192486848585406, guid: a9fb563e49897114aa00ada020a43384, type: 2}
      propertyPath: m_LocalRotation.y
      value: 0
      objectReference: {fileID: 0}
    - target: {fileID: 4192486848585406, guid: a9fb563e49897114aa00ada020a43384, type: 2}
      propertyPath: m_LocalRotation.z
      value: 0
      objectReference: {fileID: 0}
    - target: {fileID: 4192486848585406, guid: a9fb563e49897114aa00ada020a43384, type: 2}
      propertyPath: m_LocalRotation.w
      value: 1
      objectReference: {fileID: 0}
    - target: {fileID: 4192486848585406, guid: a9fb563e49897114aa00ada020a43384, type: 2}
      propertyPath: m_RootOrder
      value: 5
      objectReference: {fileID: 0}
    m_RemovedComponents: []
  m_SourcePrefab: {fileID: 100100000, guid: a9fb563e49897114aa00ada020a43384, type: 2}
  m_IsPrefabAsset: 0
--- !u!1001 &1265505214
Prefab:
  m_ObjectHideFlags: 0
  serializedVersion: 2
  m_Modification:
    m_TransformParent: {fileID: 0}
    m_Modifications:
    - target: {fileID: 224955087372621998, guid: a9767e1416868064382854ee1910886f,
        type: 2}
      propertyPath: m_LocalPosition.x
      value: 0
      objectReference: {fileID: 0}
    - target: {fileID: 224955087372621998, guid: a9767e1416868064382854ee1910886f,
        type: 2}
      propertyPath: m_LocalPosition.y
      value: 0
      objectReference: {fileID: 0}
    - target: {fileID: 224955087372621998, guid: a9767e1416868064382854ee1910886f,
        type: 2}
      propertyPath: m_LocalPosition.z
      value: 39.730904
      objectReference: {fileID: 0}
    - target: {fileID: 224955087372621998, guid: a9767e1416868064382854ee1910886f,
        type: 2}
      propertyPath: m_LocalRotation.x
      value: 0
      objectReference: {fileID: 0}
    - target: {fileID: 224955087372621998, guid: a9767e1416868064382854ee1910886f,
        type: 2}
      propertyPath: m_LocalRotation.y
      value: 0
      objectReference: {fileID: 0}
    - target: {fileID: 224955087372621998, guid: a9767e1416868064382854ee1910886f,
        type: 2}
      propertyPath: m_LocalRotation.z
      value: 0
      objectReference: {fileID: 0}
    - target: {fileID: 224955087372621998, guid: a9767e1416868064382854ee1910886f,
        type: 2}
      propertyPath: m_LocalRotation.w
      value: 1
      objectReference: {fileID: 0}
    - target: {fileID: 224955087372621998, guid: a9767e1416868064382854ee1910886f,
        type: 2}
      propertyPath: m_RootOrder
      value: 10
      objectReference: {fileID: 0}
    - target: {fileID: 224955087372621998, guid: a9767e1416868064382854ee1910886f,
        type: 2}
      propertyPath: m_AnchoredPosition.x
      value: 37.850296
      objectReference: {fileID: 0}
    - target: {fileID: 224955087372621998, guid: a9767e1416868064382854ee1910886f,
        type: 2}
      propertyPath: m_AnchoredPosition.y
      value: 13.77
      objectReference: {fileID: 0}
    - target: {fileID: 224955087372621998, guid: a9767e1416868064382854ee1910886f,
        type: 2}
      propertyPath: m_SizeDelta.x
      value: 100
      objectReference: {fileID: 0}
    - target: {fileID: 224955087372621998, guid: a9767e1416868064382854ee1910886f,
        type: 2}
      propertyPath: m_SizeDelta.y
      value: 100
      objectReference: {fileID: 0}
    - target: {fileID: 224955087372621998, guid: a9767e1416868064382854ee1910886f,
        type: 2}
      propertyPath: m_AnchorMin.x
      value: 0.5
      objectReference: {fileID: 0}
    - target: {fileID: 224955087372621998, guid: a9767e1416868064382854ee1910886f,
        type: 2}
      propertyPath: m_AnchorMin.y
      value: 0.5
      objectReference: {fileID: 0}
    - target: {fileID: 224955087372621998, guid: a9767e1416868064382854ee1910886f,
        type: 2}
      propertyPath: m_AnchorMax.x
      value: 0.5
      objectReference: {fileID: 0}
    - target: {fileID: 224955087372621998, guid: a9767e1416868064382854ee1910886f,
        type: 2}
      propertyPath: m_AnchorMax.y
      value: 0.5
      objectReference: {fileID: 0}
    - target: {fileID: 224955087372621998, guid: a9767e1416868064382854ee1910886f,
        type: 2}
      propertyPath: m_Pivot.x
      value: 0.5
      objectReference: {fileID: 0}
    - target: {fileID: 224955087372621998, guid: a9767e1416868064382854ee1910886f,
        type: 2}
      propertyPath: m_Pivot.y
      value: 0.5
      objectReference: {fileID: 0}
    - target: {fileID: 224233633191660386, guid: a9767e1416868064382854ee1910886f,
        type: 2}
      propertyPath: m_LocalPosition.z
      value: 0
      objectReference: {fileID: 0}
    - target: {fileID: 114063043719381634, guid: a9767e1416868064382854ee1910886f,
        type: 2}
      propertyPath: data
      value: 
      objectReference: {fileID: 11400000, guid: e4ac89e6194705f42af0c9f21e7b6a30,
        type: 2}
    - target: {fileID: 114043518121113362, guid: a9767e1416868064382854ee1910886f,
        type: 2}
      propertyPath: data
      value: 
      objectReference: {fileID: 11400000, guid: 9183e838f10caa54fa9705f852a6ab2a,
        type: 2}
    - target: {fileID: 224755394552955028, guid: a9767e1416868064382854ee1910886f,
        type: 2}
      propertyPath: m_AnchorMin.y
      value: 1
      objectReference: {fileID: 0}
    - target: {fileID: 224755394552955028, guid: a9767e1416868064382854ee1910886f,
        type: 2}
      propertyPath: m_AnchorMax.y
      value: 1
      objectReference: {fileID: 0}
    - target: {fileID: 224755394552955028, guid: a9767e1416868064382854ee1910886f,
        type: 2}
      propertyPath: m_AnchoredPosition.x
      value: 45
      objectReference: {fileID: 0}
    - target: {fileID: 224755394552955028, guid: a9767e1416868064382854ee1910886f,
        type: 2}
      propertyPath: m_AnchoredPosition.y
      value: -50
      objectReference: {fileID: 0}
    - target: {fileID: 224755394552955028, guid: a9767e1416868064382854ee1910886f,
        type: 2}
      propertyPath: m_SizeDelta.x
      value: 60
      objectReference: {fileID: 0}
    - target: {fileID: 224755394552955028, guid: a9767e1416868064382854ee1910886f,
        type: 2}
      propertyPath: m_SizeDelta.y
      value: 60
      objectReference: {fileID: 0}
    - target: {fileID: 224946113808902502, guid: a9767e1416868064382854ee1910886f,
        type: 2}
      propertyPath: m_AnchorMin.y
      value: 1
      objectReference: {fileID: 0}
    - target: {fileID: 224946113808902502, guid: a9767e1416868064382854ee1910886f,
        type: 2}
      propertyPath: m_AnchorMax.y
      value: 1
      objectReference: {fileID: 0}
    - target: {fileID: 224946113808902502, guid: a9767e1416868064382854ee1910886f,
        type: 2}
      propertyPath: m_AnchoredPosition.x
      value: 111
      objectReference: {fileID: 0}
    - target: {fileID: 224946113808902502, guid: a9767e1416868064382854ee1910886f,
        type: 2}
      propertyPath: m_AnchoredPosition.y
      value: -50
      objectReference: {fileID: 0}
    - target: {fileID: 224946113808902502, guid: a9767e1416868064382854ee1910886f,
        type: 2}
      propertyPath: m_SizeDelta.x
      value: 60
      objectReference: {fileID: 0}
    - target: {fileID: 224946113808902502, guid: a9767e1416868064382854ee1910886f,
        type: 2}
      propertyPath: m_SizeDelta.y
      value: 60
      objectReference: {fileID: 0}
    - target: {fileID: 224231654969413464, guid: a9767e1416868064382854ee1910886f,
        type: 2}
      propertyPath: m_AnchorMin.y
      value: 1
      objectReference: {fileID: 0}
    - target: {fileID: 224231654969413464, guid: a9767e1416868064382854ee1910886f,
        type: 2}
      propertyPath: m_AnchorMax.y
      value: 1
      objectReference: {fileID: 0}
    - target: {fileID: 224231654969413464, guid: a9767e1416868064382854ee1910886f,
        type: 2}
      propertyPath: m_AnchoredPosition.x
      value: 177
      objectReference: {fileID: 0}
    - target: {fileID: 224231654969413464, guid: a9767e1416868064382854ee1910886f,
        type: 2}
      propertyPath: m_AnchoredPosition.y
      value: -50
      objectReference: {fileID: 0}
    - target: {fileID: 224231654969413464, guid: a9767e1416868064382854ee1910886f,
        type: 2}
      propertyPath: m_SizeDelta.x
      value: 60
      objectReference: {fileID: 0}
    - target: {fileID: 224231654969413464, guid: a9767e1416868064382854ee1910886f,
        type: 2}
      propertyPath: m_SizeDelta.y
      value: 60
      objectReference: {fileID: 0}
    m_RemovedComponents: []
  m_SourcePrefab: {fileID: 100100000, guid: a9767e1416868064382854ee1910886f, type: 2}
  m_IsPrefabAsset: 0
--- !u!1 &1268711073
GameObject:
  m_ObjectHideFlags: 0
  m_CorrespondingSourceObject: {fileID: 0}
  m_PrefabInternal: {fileID: 0}
  serializedVersion: 6
  m_Component:
  - component: {fileID: 1268711077}
  - component: {fileID: 1268711076}
  - component: {fileID: 1268711075}
  - component: {fileID: 1268711074}
  m_Layer: 10
  m_Name: Plane
  m_TagString: Untagged
  m_Icon: {fileID: 0}
  m_NavMeshLayer: 0
  m_StaticEditorFlags: 0
  m_IsActive: 1
--- !u!23 &1268711074
MeshRenderer:
  m_ObjectHideFlags: 0
  m_CorrespondingSourceObject: {fileID: 0}
  m_PrefabInternal: {fileID: 0}
  m_GameObject: {fileID: 1268711073}
  m_Enabled: 1
  m_CastShadows: 1
  m_ReceiveShadows: 1
  m_DynamicOccludee: 1
  m_MotionVectors: 1
  m_LightProbeUsage: 1
  m_ReflectionProbeUsage: 1
  m_RenderingLayerMask: 4294967295
  m_Materials:
  - {fileID: 10303, guid: 0000000000000000f000000000000000, type: 0}
  m_StaticBatchInfo:
    firstSubMesh: 0
    subMeshCount: 0
  m_StaticBatchRoot: {fileID: 0}
  m_ProbeAnchor: {fileID: 0}
  m_LightProbeVolumeOverride: {fileID: 0}
  m_ScaleInLightmap: 1
  m_PreserveUVs: 1
  m_IgnoreNormalsForChartDetection: 0
  m_ImportantGI: 0
  m_StitchLightmapSeams: 0
  m_SelectedEditorRenderState: 3
  m_MinimumChartSize: 4
  m_AutoUVMaxDistance: 0.5
  m_AutoUVMaxAngle: 89
  m_LightmapParameters: {fileID: 0}
  m_SortingLayerID: 0
  m_SortingLayer: 0
  m_SortingOrder: 0
--- !u!64 &1268711075
MeshCollider:
  m_ObjectHideFlags: 0
  m_CorrespondingSourceObject: {fileID: 0}
  m_PrefabInternal: {fileID: 0}
  m_GameObject: {fileID: 1268711073}
  m_Material: {fileID: 0}
  m_IsTrigger: 0
  m_Enabled: 1
  serializedVersion: 3
  m_Convex: 0
  m_CookingOptions: 14
  m_SkinWidth: 0.01
  m_Mesh: {fileID: 10209, guid: 0000000000000000e000000000000000, type: 0}
--- !u!33 &1268711076
MeshFilter:
  m_ObjectHideFlags: 0
  m_CorrespondingSourceObject: {fileID: 0}
  m_PrefabInternal: {fileID: 0}
  m_GameObject: {fileID: 1268711073}
  m_Mesh: {fileID: 10209, guid: 0000000000000000e000000000000000, type: 0}
--- !u!4 &1268711077
Transform:
  m_ObjectHideFlags: 0
  m_CorrespondingSourceObject: {fileID: 0}
  m_PrefabInternal: {fileID: 0}
  m_GameObject: {fileID: 1268711073}
  m_LocalRotation: {x: 0, y: 0, z: 0, w: 1}
  m_LocalPosition: {x: 30.130651, y: 13.201688, z: 38.092316}
  m_LocalScale: {x: 78.03895, y: 78.03902, z: 78.03902}
  m_Children: []
  m_Father: {fileID: 0}
  m_RootOrder: 2
  m_LocalEulerAnglesHint: {x: 0, y: 0, z: 0}
--- !u!114 &1378364409 stripped
MonoBehaviour:
  m_CorrespondingSourceObject: {fileID: 114729290417282642, guid: a9767e1416868064382854ee1910886f,
    type: 2}
  m_PrefabInternal: {fileID: 1265505214}
  m_Script: {fileID: 11500000, guid: 66d320f0f77d75348ad5d3a9fa738985, type: 3}
--- !u!1 &1414652840
GameObject:
  m_ObjectHideFlags: 0
  m_CorrespondingSourceObject: {fileID: 0}
  m_PrefabInternal: {fileID: 0}
  serializedVersion: 6
  m_Component:
  - component: {fileID: 1414652842}
  - component: {fileID: 1414652841}
  m_Layer: 0
  m_Name: Directional Light
  m_TagString: Untagged
  m_Icon: {fileID: 0}
  m_NavMeshLayer: 0
  m_StaticEditorFlags: 0
  m_IsActive: 1
--- !u!108 &1414652841
Light:
  m_ObjectHideFlags: 0
  m_CorrespondingSourceObject: {fileID: 0}
  m_PrefabInternal: {fileID: 0}
  m_GameObject: {fileID: 1414652840}
  m_Enabled: 1
  serializedVersion: 8
  m_Type: 1
  m_Color: {r: 1, g: 0.95686275, b: 0.8392157, a: 1}
  m_Intensity: 1
  m_Range: 10
  m_SpotAngle: 30
  m_CookieSize: 10
  m_Shadows:
    m_Type: 2
    m_Resolution: -1
    m_CustomResolution: -1
    m_Strength: 1
    m_Bias: 0.05
    m_NormalBias: 0.4
    m_NearPlane: 0.2
  m_Cookie: {fileID: 0}
  m_DrawHalo: 0
  m_Flare: {fileID: 0}
  m_RenderMode: 0
  m_CullingMask:
    serializedVersion: 2
    m_Bits: 4294967295
  m_Lightmapping: 4
  m_LightShadowCasterMode: 0
  m_AreaSize: {x: 1, y: 1}
  m_BounceIntensity: 1
  m_ColorTemperature: 6570
  m_UseColorTemperature: 0
  m_ShadowRadius: 0
  m_ShadowAngle: 0
--- !u!4 &1414652842
Transform:
  m_ObjectHideFlags: 0
  m_CorrespondingSourceObject: {fileID: 0}
  m_PrefabInternal: {fileID: 0}
  m_GameObject: {fileID: 1414652840}
  m_LocalRotation: {x: 0.40821788, y: -0.23456968, z: 0.10938163, w: 0.8754261}
  m_LocalPosition: {x: 0, y: 3, z: 0}
  m_LocalScale: {x: 1, y: 1, z: 1}
  m_Children: []
  m_Father: {fileID: 0}
  m_RootOrder: 0
  m_LocalEulerAnglesHint: {x: 50, y: -30, z: 0}
--- !u!1001 &1516352013
Prefab:
  m_ObjectHideFlags: 0
  serializedVersion: 2
  m_Modification:
    m_TransformParent: {fileID: 0}
    m_Modifications:
    - target: {fileID: 4454138361754778, guid: a9f2cb0fef6a8f640ab1d38cb4915fb0, type: 2}
      propertyPath: m_LocalPosition.x
      value: 39.253048
      objectReference: {fileID: 0}
    - target: {fileID: 4454138361754778, guid: a9f2cb0fef6a8f640ab1d38cb4915fb0, type: 2}
      propertyPath: m_LocalPosition.y
      value: 20.678892
      objectReference: {fileID: 0}
    - target: {fileID: 4454138361754778, guid: a9f2cb0fef6a8f640ab1d38cb4915fb0, type: 2}
      propertyPath: m_LocalPosition.z
      value: 49.15511
      objectReference: {fileID: 0}
    - target: {fileID: 4454138361754778, guid: a9f2cb0fef6a8f640ab1d38cb4915fb0, type: 2}
      propertyPath: m_LocalRotation.x
      value: 0
      objectReference: {fileID: 0}
    - target: {fileID: 4454138361754778, guid: a9f2cb0fef6a8f640ab1d38cb4915fb0, type: 2}
      propertyPath: m_LocalRotation.y
      value: 0
      objectReference: {fileID: 0}
    - target: {fileID: 4454138361754778, guid: a9f2cb0fef6a8f640ab1d38cb4915fb0, type: 2}
      propertyPath: m_LocalRotation.z
      value: 0
      objectReference: {fileID: 0}
    - target: {fileID: 4454138361754778, guid: a9f2cb0fef6a8f640ab1d38cb4915fb0, type: 2}
      propertyPath: m_LocalRotation.w
      value: 1
      objectReference: {fileID: 0}
    - target: {fileID: 4454138361754778, guid: a9f2cb0fef6a8f640ab1d38cb4915fb0, type: 2}
      propertyPath: m_RootOrder
      value: 7
      objectReference: {fileID: 0}
    - target: {fileID: 114658732368849440, guid: a9f2cb0fef6a8f640ab1d38cb4915fb0,
        type: 2}
      propertyPath: doors.Array.data[0]
      value: 
      objectReference: {fileID: 801889520}
    - target: {fileID: 114658732368849440, guid: a9f2cb0fef6a8f640ab1d38cb4915fb0,
        type: 2}
      propertyPath: doors.Array.data[1]
      value: 
      objectReference: {fileID: 306516819}
    m_RemovedComponents: []
  m_SourcePrefab: {fileID: 100100000, guid: a9f2cb0fef6a8f640ab1d38cb4915fb0, type: 2}
  m_IsPrefabAsset: 0
--- !u!1001 &1639370735
Prefab:
  m_ObjectHideFlags: 0
  serializedVersion: 2
  m_Modification:
    m_TransformParent: {fileID: 0}
    m_Modifications:
    - target: {fileID: 4391960565393610, guid: 02a34aa5aafc95a4390219cc425ffdab, type: 2}
      propertyPath: m_LocalPosition.x
      value: 37.483578
      objectReference: {fileID: 0}
    - target: {fileID: 4391960565393610, guid: 02a34aa5aafc95a4390219cc425ffdab, type: 2}
      propertyPath: m_LocalPosition.y
      value: 14.2
      objectReference: {fileID: 0}
    - target: {fileID: 4391960565393610, guid: 02a34aa5aafc95a4390219cc425ffdab, type: 2}
      propertyPath: m_LocalPosition.z
      value: 38.123062
      objectReference: {fileID: 0}
    - target: {fileID: 4391960565393610, guid: 02a34aa5aafc95a4390219cc425ffdab, type: 2}
      propertyPath: m_LocalRotation.x
      value: 0
      objectReference: {fileID: 0}
    - target: {fileID: 4391960565393610, guid: 02a34aa5aafc95a4390219cc425ffdab, type: 2}
      propertyPath: m_LocalRotation.y
      value: 0
      objectReference: {fileID: 0}
    - target: {fileID: 4391960565393610, guid: 02a34aa5aafc95a4390219cc425ffdab, type: 2}
      propertyPath: m_LocalRotation.z
      value: 0
      objectReference: {fileID: 0}
    - target: {fileID: 4391960565393610, guid: 02a34aa5aafc95a4390219cc425ffdab, type: 2}
      propertyPath: m_LocalRotation.w
      value: 1
      objectReference: {fileID: 0}
    - target: {fileID: 4391960565393610, guid: 02a34aa5aafc95a4390219cc425ffdab, type: 2}
      propertyPath: m_RootOrder
      value: 1
      objectReference: {fileID: 0}
    - target: {fileID: 224734709257951530, guid: 02a34aa5aafc95a4390219cc425ffdab,
        type: 2}
      propertyPath: m_AnchorMin.y
      value: 1
      objectReference: {fileID: 0}
    - target: {fileID: 224734709257951530, guid: 02a34aa5aafc95a4390219cc425ffdab,
        type: 2}
      propertyPath: m_AnchorMax.y
      value: 1
      objectReference: {fileID: 0}
    - target: {fileID: 224734709257951530, guid: 02a34aa5aafc95a4390219cc425ffdab,
        type: 2}
      propertyPath: m_AnchoredPosition.x
      value: 243
      objectReference: {fileID: 0}
    - target: {fileID: 224734709257951530, guid: 02a34aa5aafc95a4390219cc425ffdab,
        type: 2}
      propertyPath: m_AnchoredPosition.y
      value: -182
      objectReference: {fileID: 0}
    - target: {fileID: 224734709257951530, guid: 02a34aa5aafc95a4390219cc425ffdab,
        type: 2}
      propertyPath: m_SizeDelta.x
      value: 60
      objectReference: {fileID: 0}
    - target: {fileID: 224734709257951530, guid: 02a34aa5aafc95a4390219cc425ffdab,
        type: 2}
      propertyPath: m_SizeDelta.y
      value: 60
      objectReference: {fileID: 0}
    - target: {fileID: 224355012698470600, guid: 02a34aa5aafc95a4390219cc425ffdab,
        type: 2}
      propertyPath: m_AnchorMin.y
      value: 1
      objectReference: {fileID: 0}
    - target: {fileID: 224355012698470600, guid: 02a34aa5aafc95a4390219cc425ffdab,
        type: 2}
      propertyPath: m_AnchorMax.y
      value: 1
      objectReference: {fileID: 0}
    - target: {fileID: 224355012698470600, guid: 02a34aa5aafc95a4390219cc425ffdab,
        type: 2}
      propertyPath: m_AnchoredPosition.x
      value: 111
      objectReference: {fileID: 0}
    - target: {fileID: 224355012698470600, guid: 02a34aa5aafc95a4390219cc425ffdab,
        type: 2}
      propertyPath: m_AnchoredPosition.y
      value: -50
      objectReference: {fileID: 0}
    - target: {fileID: 224355012698470600, guid: 02a34aa5aafc95a4390219cc425ffdab,
        type: 2}
      propertyPath: m_SizeDelta.x
      value: 60
      objectReference: {fileID: 0}
    - target: {fileID: 224355012698470600, guid: 02a34aa5aafc95a4390219cc425ffdab,
        type: 2}
      propertyPath: m_SizeDelta.y
      value: 60
      objectReference: {fileID: 0}
    - target: {fileID: 224123692977267240, guid: 02a34aa5aafc95a4390219cc425ffdab,
        type: 2}
      propertyPath: m_AnchorMin.y
      value: 1
      objectReference: {fileID: 0}
    - target: {fileID: 224123692977267240, guid: 02a34aa5aafc95a4390219cc425ffdab,
        type: 2}
      propertyPath: m_AnchorMax.y
      value: 1
      objectReference: {fileID: 0}
    - target: {fileID: 224123692977267240, guid: 02a34aa5aafc95a4390219cc425ffdab,
        type: 2}
      propertyPath: m_AnchoredPosition.x
      value: 177
      objectReference: {fileID: 0}
    - target: {fileID: 224123692977267240, guid: 02a34aa5aafc95a4390219cc425ffdab,
        type: 2}
      propertyPath: m_AnchoredPosition.y
      value: -50
      objectReference: {fileID: 0}
    - target: {fileID: 224123692977267240, guid: 02a34aa5aafc95a4390219cc425ffdab,
        type: 2}
      propertyPath: m_SizeDelta.x
      value: 60
      objectReference: {fileID: 0}
    - target: {fileID: 224123692977267240, guid: 02a34aa5aafc95a4390219cc425ffdab,
        type: 2}
      propertyPath: m_SizeDelta.y
      value: 60
      objectReference: {fileID: 0}
    - target: {fileID: 224707668099405802, guid: 02a34aa5aafc95a4390219cc425ffdab,
        type: 2}
      propertyPath: m_AnchorMin.y
      value: 1
      objectReference: {fileID: 0}
    - target: {fileID: 224707668099405802, guid: 02a34aa5aafc95a4390219cc425ffdab,
        type: 2}
      propertyPath: m_AnchorMax.y
      value: 1
      objectReference: {fileID: 0}
    - target: {fileID: 224707668099405802, guid: 02a34aa5aafc95a4390219cc425ffdab,
        type: 2}
      propertyPath: m_AnchoredPosition.x
      value: 45
      objectReference: {fileID: 0}
    - target: {fileID: 224707668099405802, guid: 02a34aa5aafc95a4390219cc425ffdab,
        type: 2}
      propertyPath: m_AnchoredPosition.y
      value: -116
      objectReference: {fileID: 0}
    - target: {fileID: 224707668099405802, guid: 02a34aa5aafc95a4390219cc425ffdab,
        type: 2}
      propertyPath: m_SizeDelta.x
      value: 60
      objectReference: {fileID: 0}
    - target: {fileID: 224707668099405802, guid: 02a34aa5aafc95a4390219cc425ffdab,
        type: 2}
      propertyPath: m_SizeDelta.y
      value: 60
      objectReference: {fileID: 0}
    - target: {fileID: 224688512374448654, guid: 02a34aa5aafc95a4390219cc425ffdab,
        type: 2}
      propertyPath: m_AnchorMin.y
      value: 1
      objectReference: {fileID: 0}
    - target: {fileID: 224688512374448654, guid: 02a34aa5aafc95a4390219cc425ffdab,
        type: 2}
      propertyPath: m_AnchorMax.y
      value: 1
      objectReference: {fileID: 0}
    - target: {fileID: 224688512374448654, guid: 02a34aa5aafc95a4390219cc425ffdab,
        type: 2}
      propertyPath: m_AnchoredPosition.x
      value: 111
      objectReference: {fileID: 0}
    - target: {fileID: 224688512374448654, guid: 02a34aa5aafc95a4390219cc425ffdab,
        type: 2}
      propertyPath: m_AnchoredPosition.y
      value: -116
      objectReference: {fileID: 0}
    - target: {fileID: 224688512374448654, guid: 02a34aa5aafc95a4390219cc425ffdab,
        type: 2}
      propertyPath: m_SizeDelta.x
      value: 60
      objectReference: {fileID: 0}
    - target: {fileID: 224688512374448654, guid: 02a34aa5aafc95a4390219cc425ffdab,
        type: 2}
      propertyPath: m_SizeDelta.y
      value: 60
      objectReference: {fileID: 0}
    - target: {fileID: 224854741794842330, guid: 02a34aa5aafc95a4390219cc425ffdab,
        type: 2}
      propertyPath: m_AnchorMin.y
      value: 1
      objectReference: {fileID: 0}
    - target: {fileID: 224854741794842330, guid: 02a34aa5aafc95a4390219cc425ffdab,
        type: 2}
      propertyPath: m_AnchorMax.y
      value: 1
      objectReference: {fileID: 0}
    - target: {fileID: 224854741794842330, guid: 02a34aa5aafc95a4390219cc425ffdab,
        type: 2}
      propertyPath: m_AnchoredPosition.x
      value: 177
      objectReference: {fileID: 0}
    - target: {fileID: 224854741794842330, guid: 02a34aa5aafc95a4390219cc425ffdab,
        type: 2}
      propertyPath: m_AnchoredPosition.y
      value: -116
      objectReference: {fileID: 0}
    - target: {fileID: 224854741794842330, guid: 02a34aa5aafc95a4390219cc425ffdab,
        type: 2}
      propertyPath: m_SizeDelta.x
      value: 60
      objectReference: {fileID: 0}
    - target: {fileID: 224854741794842330, guid: 02a34aa5aafc95a4390219cc425ffdab,
        type: 2}
      propertyPath: m_SizeDelta.y
      value: 60
      objectReference: {fileID: 0}
    - target: {fileID: 224638957078093772, guid: 02a34aa5aafc95a4390219cc425ffdab,
        type: 2}
      propertyPath: m_AnchorMin.y
      value: 1
      objectReference: {fileID: 0}
    - target: {fileID: 224638957078093772, guid: 02a34aa5aafc95a4390219cc425ffdab,
        type: 2}
      propertyPath: m_AnchorMax.y
      value: 1
      objectReference: {fileID: 0}
    - target: {fileID: 224638957078093772, guid: 02a34aa5aafc95a4390219cc425ffdab,
        type: 2}
      propertyPath: m_AnchoredPosition.x
      value: 45
      objectReference: {fileID: 0}
    - target: {fileID: 224638957078093772, guid: 02a34aa5aafc95a4390219cc425ffdab,
        type: 2}
      propertyPath: m_AnchoredPosition.y
      value: -182
      objectReference: {fileID: 0}
    - target: {fileID: 224638957078093772, guid: 02a34aa5aafc95a4390219cc425ffdab,
        type: 2}
      propertyPath: m_SizeDelta.x
      value: 60
      objectReference: {fileID: 0}
    - target: {fileID: 224638957078093772, guid: 02a34aa5aafc95a4390219cc425ffdab,
        type: 2}
      propertyPath: m_SizeDelta.y
      value: 60
      objectReference: {fileID: 0}
    - target: {fileID: 224207966701956332, guid: 02a34aa5aafc95a4390219cc425ffdab,
        type: 2}
      propertyPath: m_AnchorMin.y
      value: 1
      objectReference: {fileID: 0}
    - target: {fileID: 224207966701956332, guid: 02a34aa5aafc95a4390219cc425ffdab,
        type: 2}
      propertyPath: m_AnchorMax.y
      value: 1
      objectReference: {fileID: 0}
    - target: {fileID: 224207966701956332, guid: 02a34aa5aafc95a4390219cc425ffdab,
        type: 2}
      propertyPath: m_AnchoredPosition.x
      value: 111
      objectReference: {fileID: 0}
    - target: {fileID: 224207966701956332, guid: 02a34aa5aafc95a4390219cc425ffdab,
        type: 2}
      propertyPath: m_AnchoredPosition.y
      value: -182
      objectReference: {fileID: 0}
    - target: {fileID: 224207966701956332, guid: 02a34aa5aafc95a4390219cc425ffdab,
        type: 2}
      propertyPath: m_SizeDelta.x
      value: 60
      objectReference: {fileID: 0}
    - target: {fileID: 224207966701956332, guid: 02a34aa5aafc95a4390219cc425ffdab,
        type: 2}
      propertyPath: m_SizeDelta.y
      value: 60
      objectReference: {fileID: 0}
    - target: {fileID: 224588657139906554, guid: 02a34aa5aafc95a4390219cc425ffdab,
        type: 2}
      propertyPath: m_AnchorMin.y
      value: 1
      objectReference: {fileID: 0}
    - target: {fileID: 224588657139906554, guid: 02a34aa5aafc95a4390219cc425ffdab,
        type: 2}
      propertyPath: m_AnchorMax.y
      value: 1
      objectReference: {fileID: 0}
    - target: {fileID: 224588657139906554, guid: 02a34aa5aafc95a4390219cc425ffdab,
        type: 2}
      propertyPath: m_AnchoredPosition.x
      value: 177
      objectReference: {fileID: 0}
    - target: {fileID: 224588657139906554, guid: 02a34aa5aafc95a4390219cc425ffdab,
        type: 2}
      propertyPath: m_AnchoredPosition.y
      value: -182
      objectReference: {fileID: 0}
    - target: {fileID: 224588657139906554, guid: 02a34aa5aafc95a4390219cc425ffdab,
        type: 2}
      propertyPath: m_SizeDelta.x
      value: 60
      objectReference: {fileID: 0}
    - target: {fileID: 224588657139906554, guid: 02a34aa5aafc95a4390219cc425ffdab,
        type: 2}
      propertyPath: m_SizeDelta.y
      value: 60
      objectReference: {fileID: 0}
    - target: {fileID: 224652191865234990, guid: 02a34aa5aafc95a4390219cc425ffdab,
        type: 2}
      propertyPath: m_LocalPosition.z
      value: 0
      objectReference: {fileID: 0}
    m_RemovedComponents: []
  m_SourcePrefab: {fileID: 100100000, guid: 02a34aa5aafc95a4390219cc425ffdab, type: 2}
  m_IsPrefabAsset: 0
--- !u!114 &1800486230 stripped
MonoBehaviour:
  m_CorrespondingSourceObject: {fileID: 114729290417282642, guid: a9767e1416868064382854ee1910886f,
    type: 2}
  m_PrefabInternal: {fileID: 339167693}
  m_Script: {fileID: 11500000, guid: 66d320f0f77d75348ad5d3a9fa738985, type: 3}
