%YAML 1.1
%TAG !u! tag:unity3d.com,2011:
--- !u!29 &1
OcclusionCullingSettings:
  m_ObjectHideFlags: 0
  serializedVersion: 2
  m_OcclusionBakeSettings:
    smallestOccluder: 5
    smallestHole: 0.25
    backfaceThreshold: 100
  m_SceneGUID: 00000000000000000000000000000000
  m_OcclusionCullingData: {fileID: 0}
--- !u!104 &2
RenderSettings:
  m_ObjectHideFlags: 0
  serializedVersion: 9
  m_Fog: 0
  m_FogColor: {r: 0.5, g: 0.5, b: 0.5, a: 1}
  m_FogMode: 3
  m_FogDensity: 0.01
  m_LinearFogStart: 0
  m_LinearFogEnd: 300
  m_AmbientSkyColor: {r: 0.212, g: 0.227, b: 0.259, a: 1}
  m_AmbientEquatorColor: {r: 0.114, g: 0.125, b: 0.133, a: 1}
  m_AmbientGroundColor: {r: 0.047, g: 0.043, b: 0.035, a: 1}
  m_AmbientIntensity: 1
  m_AmbientMode: 0
  m_SubtractiveShadowColor: {r: 0.42, g: 0.478, b: 0.627, a: 1}
  m_SkyboxMaterial: {fileID: 2100000, guid: 71aca134d2b347a459a012716de9dc82, type: 2}
  m_HaloStrength: 0.5
  m_FlareStrength: 1
  m_FlareFadeSpeed: 3
  m_HaloTexture: {fileID: 0}
  m_SpotCookie: {fileID: 10001, guid: 0000000000000000e000000000000000, type: 0}
  m_DefaultReflectionMode: 0
  m_DefaultReflectionResolution: 128
  m_ReflectionBounces: 1
  m_ReflectionIntensity: 1
  m_CustomReflection: {fileID: 0}
  m_Sun: {fileID: 1414652841}
  m_IndirectSpecularColor: {r: 0, g: 0, b: 0, a: 1}
  m_UseRadianceAmbientProbe: 0
--- !u!157 &3
LightmapSettings:
  m_ObjectHideFlags: 0
  serializedVersion: 11
  m_GIWorkflowMode: 0
  m_GISettings:
    serializedVersion: 2
    m_BounceScale: 1
    m_IndirectOutputScale: 1
    m_AlbedoBoost: 1
    m_TemporalCoherenceThreshold: 1
    m_EnvironmentLightingMode: 0
    m_EnableBakedLightmaps: 1
    m_EnableRealtimeLightmaps: 1
  m_LightmapEditorSettings:
    serializedVersion: 10
    m_Resolution: 2
    m_BakeResolution: 40
    m_AtlasSize: 1024
    m_AO: 0
    m_AOMaxDistance: 1
    m_CompAOExponent: 1
    m_CompAOExponentDirect: 0
    m_Padding: 2
    m_LightmapParameters: {fileID: 0}
    m_LightmapsBakeMode: 1
    m_TextureCompression: 1
    m_FinalGather: 0
    m_FinalGatherFiltering: 1
    m_FinalGatherRayCount: 256
    m_ReflectionCompression: 2
    m_MixedBakeMode: 2
    m_BakeBackend: 0
    m_PVRSampling: 1
    m_PVRDirectSampleCount: 32
    m_PVRSampleCount: 500
    m_PVRBounces: 2
    m_PVRFilterTypeDirect: 0
    m_PVRFilterTypeIndirect: 0
    m_PVRFilterTypeAO: 0
    m_PVRFilteringMode: 1
    m_PVRCulling: 1
    m_PVRFilteringGaussRadiusDirect: 1
    m_PVRFilteringGaussRadiusIndirect: 5
    m_PVRFilteringGaussRadiusAO: 2
    m_PVRFilteringAtrousPositionSigmaDirect: 0.5
    m_PVRFilteringAtrousPositionSigmaIndirect: 2
    m_PVRFilteringAtrousPositionSigmaAO: 1
    m_ShowResolutionOverlay: 1
  m_LightingDataAsset: {fileID: 0}
  m_UseShadowmask: 1
--- !u!196 &4
NavMeshSettings:
  serializedVersion: 2
  m_ObjectHideFlags: 0
  m_BuildSettings:
    serializedVersion: 2
    agentTypeID: 0
    agentRadius: 0.5
    agentHeight: 2
    agentSlope: 45
    agentClimb: 0.4
    ledgeDropHeight: 0
    maxJumpAcrossDistance: 0
    minRegionArea: 2
    manualCellSize: 0
    cellSize: 0.16666667
    manualTileSize: 0
    tileSize: 256
    accuratePlacement: 0
    debug:
      m_Flags: 0
  m_NavMeshData: {fileID: 0}
--- !u!1001 &258249669
Prefab:
  m_ObjectHideFlags: 0
  serializedVersion: 2
  m_Modification:
    m_TransformParent: {fileID: 2033797565}
    m_Modifications:
    - target: {fileID: 4248091451230576, guid: 6b05daf74db88bc40bf0ba1b75f66df7, type: 2}
      propertyPath: m_LocalPosition.x
      value: -5.7
      objectReference: {fileID: 0}
    - target: {fileID: 4248091451230576, guid: 6b05daf74db88bc40bf0ba1b75f66df7, type: 2}
      propertyPath: m_LocalPosition.y
      value: 0.14771271
      objectReference: {fileID: 0}
    - target: {fileID: 4248091451230576, guid: 6b05daf74db88bc40bf0ba1b75f66df7, type: 2}
      propertyPath: m_LocalPosition.z
      value: 8.7
      objectReference: {fileID: 0}
    - target: {fileID: 4248091451230576, guid: 6b05daf74db88bc40bf0ba1b75f66df7, type: 2}
      propertyPath: m_LocalRotation.x
      value: -0
      objectReference: {fileID: 0}
    - target: {fileID: 4248091451230576, guid: 6b05daf74db88bc40bf0ba1b75f66df7, type: 2}
      propertyPath: m_LocalRotation.y
      value: -0
      objectReference: {fileID: 0}
    - target: {fileID: 4248091451230576, guid: 6b05daf74db88bc40bf0ba1b75f66df7, type: 2}
      propertyPath: m_LocalRotation.z
      value: -0
      objectReference: {fileID: 0}
    - target: {fileID: 4248091451230576, guid: 6b05daf74db88bc40bf0ba1b75f66df7, type: 2}
      propertyPath: m_LocalRotation.w
      value: 1
      objectReference: {fileID: 0}
    - target: {fileID: 4248091451230576, guid: 6b05daf74db88bc40bf0ba1b75f66df7, type: 2}
      propertyPath: m_RootOrder
      value: 0
      objectReference: {fileID: 0}
    - target: {fileID: 1487931366531144, guid: 6b05daf74db88bc40bf0ba1b75f66df7, type: 2}
      propertyPath: m_Name
      value: Enemy (1)
      objectReference: {fileID: 0}
    m_RemovedComponents: []
  m_SourcePrefab: {fileID: 100100000, guid: 6b05daf74db88bc40bf0ba1b75f66df7, type: 2}
  m_IsPrefabAsset: 0
--- !u!1001 &273353862
Prefab:
  m_ObjectHideFlags: 0
  serializedVersion: 2
  m_Modification:
    m_TransformParent: {fileID: 2033797565}
    m_Modifications:
    - target: {fileID: 4130541422271332, guid: 716ae10711135b446b774a1bb37e28b4, type: 2}
      propertyPath: m_LocalPosition.x
      value: 3.2
      objectReference: {fileID: 0}
    - target: {fileID: 4130541422271332, guid: 716ae10711135b446b774a1bb37e28b4, type: 2}
      propertyPath: m_LocalPosition.y
      value: 0.549
      objectReference: {fileID: 0}
    - target: {fileID: 4130541422271332, guid: 716ae10711135b446b774a1bb37e28b4, type: 2}
      propertyPath: m_LocalPosition.z
      value: 6.7
      objectReference: {fileID: 0}
    - target: {fileID: 4130541422271332, guid: 716ae10711135b446b774a1bb37e28b4, type: 2}
      propertyPath: m_LocalRotation.x
      value: -0
      objectReference: {fileID: 0}
    - target: {fileID: 4130541422271332, guid: 716ae10711135b446b774a1bb37e28b4, type: 2}
      propertyPath: m_LocalRotation.y
      value: -0
      objectReference: {fileID: 0}
    - target: {fileID: 4130541422271332, guid: 716ae10711135b446b774a1bb37e28b4, type: 2}
      propertyPath: m_LocalRotation.z
      value: -0
      objectReference: {fileID: 0}
    - target: {fileID: 4130541422271332, guid: 716ae10711135b446b774a1bb37e28b4, type: 2}
      propertyPath: m_LocalRotation.w
      value: 1
      objectReference: {fileID: 0}
    - target: {fileID: 4130541422271332, guid: 716ae10711135b446b774a1bb37e28b4, type: 2}
      propertyPath: m_RootOrder
      value: 5
      objectReference: {fileID: 0}
    m_RemovedComponents: []
  m_SourcePrefab: {fileID: 100100000, guid: 716ae10711135b446b774a1bb37e28b4, type: 2}
  m_IsPrefabAsset: 0
--- !u!1 &276706402 stripped
GameObject:
  m_CorrespondingSourceObject: {fileID: 1487931366531144, guid: 6b05daf74db88bc40bf0ba1b75f66df7,
    type: 2}
  m_PrefabInternal: {fileID: 836701660}
--- !u!4 &276706411 stripped
Transform:
  m_CorrespondingSourceObject: {fileID: 4248091451230576, guid: 6b05daf74db88bc40bf0ba1b75f66df7,
    type: 2}
  m_PrefabInternal: {fileID: 836701660}
--- !u!1001 &288157938
Prefab:
  m_ObjectHideFlags: 0
  serializedVersion: 2
  m_Modification:
    m_TransformParent: {fileID: 2033797565}
    m_Modifications:
    - target: {fileID: 4248091451230576, guid: 6b05daf74db88bc40bf0ba1b75f66df7, type: 2}
      propertyPath: m_LocalPosition.x
      value: -10.8
      objectReference: {fileID: 0}
    - target: {fileID: 4248091451230576, guid: 6b05daf74db88bc40bf0ba1b75f66df7, type: 2}
      propertyPath: m_LocalPosition.y
      value: 0.501
      objectReference: {fileID: 0}
    - target: {fileID: 4248091451230576, guid: 6b05daf74db88bc40bf0ba1b75f66df7, type: 2}
      propertyPath: m_LocalPosition.z
      value: 3.7
      objectReference: {fileID: 0}
    - target: {fileID: 4248091451230576, guid: 6b05daf74db88bc40bf0ba1b75f66df7, type: 2}
      propertyPath: m_LocalRotation.x
      value: -0
      objectReference: {fileID: 0}
    - target: {fileID: 4248091451230576, guid: 6b05daf74db88bc40bf0ba1b75f66df7, type: 2}
      propertyPath: m_LocalRotation.y
      value: -0
      objectReference: {fileID: 0}
    - target: {fileID: 4248091451230576, guid: 6b05daf74db88bc40bf0ba1b75f66df7, type: 2}
      propertyPath: m_LocalRotation.z
      value: -0
      objectReference: {fileID: 0}
    - target: {fileID: 4248091451230576, guid: 6b05daf74db88bc40bf0ba1b75f66df7, type: 2}
      propertyPath: m_LocalRotation.w
      value: 1
      objectReference: {fileID: 0}
    - target: {fileID: 4248091451230576, guid: 6b05daf74db88bc40bf0ba1b75f66df7, type: 2}
      propertyPath: m_RootOrder
      value: 3
      objectReference: {fileID: 0}
    - target: {fileID: 1487931366531144, guid: 6b05daf74db88bc40bf0ba1b75f66df7, type: 2}
      propertyPath: m_Name
      value: Enemy (4)
      objectReference: {fileID: 0}
    m_RemovedComponents: []
  m_SourcePrefab: {fileID: 100100000, guid: 6b05daf74db88bc40bf0ba1b75f66df7, type: 2}
  m_IsPrefabAsset: 0
--- !u!4 &332677179 stripped
Transform:
  m_CorrespondingSourceObject: {fileID: 400000, guid: 14987c031123b98408a165a8bf1288d4,
    type: 2}
  m_PrefabInternal: {fileID: 1712034558}
--- !u!1001 &348947699
Prefab:
  m_ObjectHideFlags: 0
  serializedVersion: 2
  m_Modification:
    m_TransformParent: {fileID: 0}
    m_Modifications:
    - target: {fileID: 4060268815897798, guid: 0efcd13e452664c42b7a969d5d6dfbca, type: 2}
      propertyPath: m_LocalPosition.x
      value: 126.633865
      objectReference: {fileID: 0}
    - target: {fileID: 4060268815897798, guid: 0efcd13e452664c42b7a969d5d6dfbca, type: 2}
      propertyPath: m_LocalPosition.y
      value: 65.61729
      objectReference: {fileID: 0}
    - target: {fileID: 4060268815897798, guid: 0efcd13e452664c42b7a969d5d6dfbca, type: 2}
      propertyPath: m_LocalPosition.z
      value: -25
      objectReference: {fileID: 0}
    - target: {fileID: 4060268815897798, guid: 0efcd13e452664c42b7a969d5d6dfbca, type: 2}
      propertyPath: m_LocalRotation.x
      value: 0
      objectReference: {fileID: 0}
    - target: {fileID: 4060268815897798, guid: 0efcd13e452664c42b7a969d5d6dfbca, type: 2}
      propertyPath: m_LocalRotation.y
      value: 0
      objectReference: {fileID: 0}
    - target: {fileID: 4060268815897798, guid: 0efcd13e452664c42b7a969d5d6dfbca, type: 2}
      propertyPath: m_LocalRotation.z
      value: 0
      objectReference: {fileID: 0}
    - target: {fileID: 4060268815897798, guid: 0efcd13e452664c42b7a969d5d6dfbca, type: 2}
      propertyPath: m_LocalRotation.w
      value: 1
      objectReference: {fileID: 0}
    - target: {fileID: 4060268815897798, guid: 0efcd13e452664c42b7a969d5d6dfbca, type: 2}
      propertyPath: m_RootOrder
      value: 5
      objectReference: {fileID: 0}
    m_RemovedComponents: []
  m_SourcePrefab: {fileID: 100100000, guid: 0efcd13e452664c42b7a969d5d6dfbca, type: 2}
  m_IsPrefabAsset: 0
--- !u!1001 &379057341
Prefab:
  m_ObjectHideFlags: 0
  serializedVersion: 2
  m_Modification:
    m_TransformParent: {fileID: 0}
    m_Modifications:
    - target: {fileID: 4565340830643788, guid: b36623ea7f46e194e8d5361c6eb6afd4, type: 2}
      propertyPath: m_LocalPosition.x
      value: 35.24893
      objectReference: {fileID: 0}
    - target: {fileID: 4565340830643788, guid: b36623ea7f46e194e8d5361c6eb6afd4, type: 2}
      propertyPath: m_LocalPosition.y
      value: 0.5777197
      objectReference: {fileID: 0}
    - target: {fileID: 4565340830643788, guid: b36623ea7f46e194e8d5361c6eb6afd4, type: 2}
      propertyPath: m_LocalPosition.z
      value: 0.46385956
      objectReference: {fileID: 0}
    - target: {fileID: 4565340830643788, guid: b36623ea7f46e194e8d5361c6eb6afd4, type: 2}
      propertyPath: m_LocalRotation.x
      value: 0
      objectReference: {fileID: 0}
    - target: {fileID: 4565340830643788, guid: b36623ea7f46e194e8d5361c6eb6afd4, type: 2}
      propertyPath: m_LocalRotation.y
      value: 0
      objectReference: {fileID: 0}
    - target: {fileID: 4565340830643788, guid: b36623ea7f46e194e8d5361c6eb6afd4, type: 2}
      propertyPath: m_LocalRotation.z
      value: 0
      objectReference: {fileID: 0}
    - target: {fileID: 4565340830643788, guid: b36623ea7f46e194e8d5361c6eb6afd4, type: 2}
      propertyPath: m_LocalRotation.w
      value: 1
      objectReference: {fileID: 0}
    - target: {fileID: 4565340830643788, guid: b36623ea7f46e194e8d5361c6eb6afd4, type: 2}
      propertyPath: m_RootOrder
      value: 3
      objectReference: {fileID: 0}
    - target: {fileID: 1984883159557112, guid: b36623ea7f46e194e8d5361c6eb6afd4, type: 2}
      propertyPath: m_Layer
      value: 8
      objectReference: {fileID: 0}
    - target: {fileID: 1025093170849372, guid: b36623ea7f46e194e8d5361c6eb6afd4, type: 2}
      propertyPath: m_Layer
      value: 8
      objectReference: {fileID: 0}
    - target: {fileID: 1093143596456664, guid: b36623ea7f46e194e8d5361c6eb6afd4, type: 2}
      propertyPath: m_Layer
      value: 8
      objectReference: {fileID: 0}
    - target: {fileID: 114227634954672852, guid: b36623ea7f46e194e8d5361c6eb6afd4,
        type: 2}
      propertyPath: doorLinkIndex
      value: 2
      objectReference: {fileID: 0}
    - target: {fileID: 114227634954672852, guid: b36623ea7f46e194e8d5361c6eb6afd4,
        type: 2}
      propertyPath: level
      value: 0
      objectReference: {fileID: 0}
    m_RemovedComponents: []
  m_SourcePrefab: {fileID: 100100000, guid: b36623ea7f46e194e8d5361c6eb6afd4, type: 2}
  m_IsPrefabAsset: 0
--- !u!114 &379057342 stripped
MonoBehaviour:
  m_CorrespondingSourceObject: {fileID: 114227634954672852, guid: b36623ea7f46e194e8d5361c6eb6afd4,
    type: 2}
  m_PrefabInternal: {fileID: 379057341}
  m_Script: {fileID: 11500000, guid: 8a304ab7ced92cd43a8f53c87598b63d, type: 3}
--- !u!1 &421492653
GameObject:
  m_ObjectHideFlags: 0
  m_CorrespondingSourceObject: {fileID: 0}
  m_PrefabInternal: {fileID: 0}
  serializedVersion: 6
  m_Component:
  - component: {fileID: 421492657}
  - component: {fileID: 421492656}
  - component: {fileID: 421492655}
  - component: {fileID: 421492654}
  m_Layer: 0
  m_Name: Cube (9)
  m_TagString: Environment
  m_Icon: {fileID: 0}
  m_NavMeshLayer: 0
  m_StaticEditorFlags: 0
  m_IsActive: 1
--- !u!23 &421492654
MeshRenderer:
  m_ObjectHideFlags: 0
  m_CorrespondingSourceObject: {fileID: 0}
  m_PrefabInternal: {fileID: 0}
  m_GameObject: {fileID: 421492653}
  m_Enabled: 1
  m_CastShadows: 1
  m_ReceiveShadows: 1
  m_DynamicOccludee: 1
  m_MotionVectors: 1
  m_LightProbeUsage: 1
  m_ReflectionProbeUsage: 1
  m_RenderingLayerMask: 4294967295
  m_Materials:
  - {fileID: 2100000, guid: a62e019c51e8f14499fd3b78d3c2bcae, type: 2}
  m_StaticBatchInfo:
    firstSubMesh: 0
    subMeshCount: 0
  m_StaticBatchRoot: {fileID: 0}
  m_ProbeAnchor: {fileID: 0}
  m_LightProbeVolumeOverride: {fileID: 0}
  m_ScaleInLightmap: 1
  m_PreserveUVs: 1
  m_IgnoreNormalsForChartDetection: 0
  m_ImportantGI: 0
  m_StitchLightmapSeams: 0
  m_SelectedEditorRenderState: 3
  m_MinimumChartSize: 4
  m_AutoUVMaxDistance: 0.5
  m_AutoUVMaxAngle: 89
  m_LightmapParameters: {fileID: 0}
  m_SortingLayerID: 0
  m_SortingLayer: 0
  m_SortingOrder: 0
--- !u!65 &421492655
BoxCollider:
  m_ObjectHideFlags: 0
  m_CorrespondingSourceObject: {fileID: 0}
  m_PrefabInternal: {fileID: 0}
  m_GameObject: {fileID: 421492653}
  m_Material: {fileID: 0}
  m_IsTrigger: 0
  m_Enabled: 1
  serializedVersion: 2
  m_Size: {x: 1, y: 1, z: 1}
  m_Center: {x: 0, y: 0, z: 0}
--- !u!33 &421492656
MeshFilter:
  m_ObjectHideFlags: 0
  m_CorrespondingSourceObject: {fileID: 0}
  m_PrefabInternal: {fileID: 0}
  m_GameObject: {fileID: 421492653}
  m_Mesh: {fileID: 10202, guid: 0000000000000000e000000000000000, type: 0}
--- !u!4 &421492657
Transform:
  m_ObjectHideFlags: 0
  m_CorrespondingSourceObject: {fileID: 0}
  m_PrefabInternal: {fileID: 0}
  m_GameObject: {fileID: 421492653}
  m_LocalRotation: {x: -0, y: -0, z: -0, w: 1}
  m_LocalPosition: {x: 29.31893, y: -24.006247, z: -38.97}
  m_LocalScale: {x: 1, y: 6.671065, z: 15.390345}
  m_Children: []
  m_Father: {fileID: 1388240431}
  m_RootOrder: 4
  m_LocalEulerAnglesHint: {x: 0, y: 0, z: 0}
--- !u!1001 &465068340
Prefab:
  m_ObjectHideFlags: 0
  serializedVersion: 2
  m_Modification:
    m_TransformParent: {fileID: 0}
    m_Modifications:
    - target: {fileID: 114658732368849440, guid: a9f2cb0fef6a8f640ab1d38cb4915fb0,
        type: 2}
      propertyPath: doors.Array.size
      value: 1
      objectReference: {fileID: 0}
    - target: {fileID: 4454138361754778, guid: a9f2cb0fef6a8f640ab1d38cb4915fb0, type: 2}
      propertyPath: m_LocalPosition.x
      value: 39.253048
      objectReference: {fileID: 0}
    - target: {fileID: 4454138361754778, guid: a9f2cb0fef6a8f640ab1d38cb4915fb0, type: 2}
      propertyPath: m_LocalPosition.y
      value: 6.378892
      objectReference: {fileID: 0}
    - target: {fileID: 4454138361754778, guid: a9f2cb0fef6a8f640ab1d38cb4915fb0, type: 2}
      propertyPath: m_LocalPosition.z
      value: 49.15511
      objectReference: {fileID: 0}
    - target: {fileID: 4454138361754778, guid: a9f2cb0fef6a8f640ab1d38cb4915fb0, type: 2}
      propertyPath: m_LocalRotation.x
      value: 0
      objectReference: {fileID: 0}
    - target: {fileID: 4454138361754778, guid: a9f2cb0fef6a8f640ab1d38cb4915fb0, type: 2}
      propertyPath: m_LocalRotation.y
      value: 0
      objectReference: {fileID: 0}
    - target: {fileID: 4454138361754778, guid: a9f2cb0fef6a8f640ab1d38cb4915fb0, type: 2}
      propertyPath: m_LocalRotation.z
      value: 0
      objectReference: {fileID: 0}
    - target: {fileID: 4454138361754778, guid: a9f2cb0fef6a8f640ab1d38cb4915fb0, type: 2}
      propertyPath: m_LocalRotation.w
      value: 1
      objectReference: {fileID: 0}
    - target: {fileID: 4454138361754778, guid: a9f2cb0fef6a8f640ab1d38cb4915fb0, type: 2}
      propertyPath: m_RootOrder
      value: 0
      objectReference: {fileID: 0}
    - target: {fileID: 1309402598144772, guid: a9f2cb0fef6a8f640ab1d38cb4915fb0, type: 2}
      propertyPath: m_Name
      value: DoorsManager
      objectReference: {fileID: 0}
    - target: {fileID: 114658732368849440, guid: a9f2cb0fef6a8f640ab1d38cb4915fb0,
        type: 2}
      propertyPath: doors.Array.data[0]
      value: 
      objectReference: {fileID: 379057342}
    m_RemovedComponents: []
  m_SourcePrefab: {fileID: 100100000, guid: a9f2cb0fef6a8f640ab1d38cb4915fb0, type: 2}
  m_IsPrefabAsset: 0
--- !u!1 &521091298
GameObject:
  m_ObjectHideFlags: 0
  m_CorrespondingSourceObject: {fileID: 0}
  m_PrefabInternal: {fileID: 0}
  serializedVersion: 6
  m_Component:
  - component: {fileID: 521091300}
  - component: {fileID: 521091299}
  m_Layer: 0
  m_Name: NavMesh
  m_TagString: Untagged
  m_Icon: {fileID: 0}
  m_NavMeshLayer: 0
  m_StaticEditorFlags: 0
  m_IsActive: 1
--- !u!114 &521091299
MonoBehaviour:
  m_ObjectHideFlags: 0
  m_CorrespondingSourceObject: {fileID: 0}
  m_PrefabInternal: {fileID: 0}
  m_GameObject: {fileID: 521091298}
  m_Enabled: 1
  m_EditorHideFlags: 0
  m_Script: {fileID: 11500000, guid: 3df27b9289d1e8c4fb82e0df4f4673ba, type: 3}
  m_Name: 
  m_EditorClassIdentifier: 
  m_AgentTypeID: 0
  m_CollectObjects: 0
  m_Size: {x: 10, y: 10, z: 10}
  m_Center: {x: 0, y: 2, z: 0}
  m_LayerMask:
    serializedVersion: 2
    m_Bits: 17463
  m_UseGeometry: 1
  m_DefaultArea: 0
  m_IgnoreNavMeshAgent: 1
  m_IgnoreNavMeshObstacle: 1
  m_OverrideTileSize: 0
  m_TileSize: 256
  m_OverrideVoxelSize: 0
  m_VoxelSize: 0.16666667
  m_BuildHeightMesh: 0
  m_NavMeshData: {fileID: 23800000, guid: 77b9a498ae9acf54b802c871405dd339, type: 2}
--- !u!4 &521091300
Transform:
  m_ObjectHideFlags: 0
  m_CorrespondingSourceObject: {fileID: 0}
  m_PrefabInternal: {fileID: 0}
  m_GameObject: {fileID: 521091298}
  m_LocalRotation: {x: -0, y: -0, z: -0, w: 1}
  m_LocalPosition: {x: -91.0991, y: 0, z: -59.72625}
  m_LocalScale: {x: 1, y: 1, z: 1}
  m_Children: []
  m_Father: {fileID: 0}
  m_RootOrder: 3
  m_LocalEulerAnglesHint: {x: 0, y: 0, z: 0}
--- !u!1001 &587491863
Prefab:
  m_ObjectHideFlags: 0
  serializedVersion: 2
  m_Modification:
    m_TransformParent: {fileID: 0}
    m_Modifications:
    - target: {fileID: 114791743393160802, guid: 0267008bff91da649a51060e49ce46df,
        type: 2}
      propertyPath: rBoxes.Array.size
      value: 1
      objectReference: {fileID: 0}
    - target: {fileID: 4028840708259974, guid: 0267008bff91da649a51060e49ce46df, type: 2}
      propertyPath: m_LocalPosition.x
      value: 37.597733
      objectReference: {fileID: 0}
    - target: {fileID: 4028840708259974, guid: 0267008bff91da649a51060e49ce46df, type: 2}
      propertyPath: m_LocalPosition.y
      value: 11.663286
      objectReference: {fileID: 0}
    - target: {fileID: 4028840708259974, guid: 0267008bff91da649a51060e49ce46df, type: 2}
      propertyPath: m_LocalPosition.z
      value: 31.227325
      objectReference: {fileID: 0}
    - target: {fileID: 4028840708259974, guid: 0267008bff91da649a51060e49ce46df, type: 2}
      propertyPath: m_LocalRotation.x
      value: 0
      objectReference: {fileID: 0}
    - target: {fileID: 4028840708259974, guid: 0267008bff91da649a51060e49ce46df, type: 2}
      propertyPath: m_LocalRotation.y
      value: 0
      objectReference: {fileID: 0}
    - target: {fileID: 4028840708259974, guid: 0267008bff91da649a51060e49ce46df, type: 2}
      propertyPath: m_LocalRotation.z
      value: 0
      objectReference: {fileID: 0}
    - target: {fileID: 4028840708259974, guid: 0267008bff91da649a51060e49ce46df, type: 2}
      propertyPath: m_LocalRotation.w
      value: 1
      objectReference: {fileID: 0}
    - target: {fileID: 4028840708259974, guid: 0267008bff91da649a51060e49ce46df, type: 2}
      propertyPath: m_RootOrder
      value: 11
      objectReference: {fileID: 0}
    - target: {fileID: 114791743393160802, guid: 0267008bff91da649a51060e49ce46df,
        type: 2}
      propertyPath: rBoxes.Array.data[0]
      value: 
      objectReference: {fileID: 0}
    - target: {fileID: 114791743393160802, guid: 0267008bff91da649a51060e49ce46df,
        type: 2}
      propertyPath: rBoxes.Array.data[1]
      value: 
      objectReference: {fileID: 0}
    - target: {fileID: 114791743393160802, guid: 0267008bff91da649a51060e49ce46df,
        type: 2}
      propertyPath: rBoxes.Array.data[2]
      value: 
      objectReference: {fileID: 0}
    - target: {fileID: 114791743393160802, guid: 0267008bff91da649a51060e49ce46df,
        type: 2}
      propertyPath: rBoxes.Array.data[3]
      value: 
      objectReference: {fileID: 0}
    m_RemovedComponents:
    - {fileID: 114791743393160802, guid: 0267008bff91da649a51060e49ce46df, type: 2}
  m_SourcePrefab: {fileID: 100100000, guid: 0267008bff91da649a51060e49ce46df, type: 2}
  m_IsPrefabAsset: 0
--- !u!1 &587491864 stripped
GameObject:
  m_CorrespondingSourceObject: {fileID: 1280628989357558, guid: 0267008bff91da649a51060e49ce46df,
    type: 2}
  m_PrefabInternal: {fileID: 587491863}
--- !u!114 &587491865
MonoBehaviour:
  m_ObjectHideFlags: 0
  m_CorrespondingSourceObject: {fileID: 0}
  m_PrefabInternal: {fileID: 0}
  m_GameObject: {fileID: 587491864}
  m_Enabled: 1
  m_EditorHideFlags: 0
  m_Script: {fileID: 11500000, guid: 4931ac633097f574f929e72decc102ce, type: 3}
  m_Name: 
  m_EditorClassIdentifier: 
  rBoxes:
  - {fileID: 630273934}
  saveTransforms: []
--- !u!1 &608919293 stripped
GameObject:
  m_CorrespondingSourceObject: {fileID: 1487931366531144, guid: 6b05daf74db88bc40bf0ba1b75f66df7,
    type: 2}
  m_PrefabInternal: {fileID: 2099799487}
--- !u!4 &608919302 stripped
Transform:
  m_CorrespondingSourceObject: {fileID: 4248091451230576, guid: 6b05daf74db88bc40bf0ba1b75f66df7,
    type: 2}
  m_PrefabInternal: {fileID: 2099799487}
--- !u!1001 &630273933
Prefab:
  m_ObjectHideFlags: 0
  serializedVersion: 2
  m_Modification:
    m_TransformParent: {fileID: 0}
    m_Modifications:
    - target: {fileID: 224955087372621998, guid: a9767e1416868064382854ee1910886f,
        type: 2}
      propertyPath: m_LocalPosition.x
      value: 0
      objectReference: {fileID: 0}
    - target: {fileID: 224955087372621998, guid: a9767e1416868064382854ee1910886f,
        type: 2}
      propertyPath: m_LocalPosition.y
      value: 0
      objectReference: {fileID: 0}
    - target: {fileID: 224955087372621998, guid: a9767e1416868064382854ee1910886f,
        type: 2}
      propertyPath: m_LocalPosition.z
      value: 7
      objectReference: {fileID: 0}
    - target: {fileID: 224955087372621998, guid: a9767e1416868064382854ee1910886f,
        type: 2}
      propertyPath: m_LocalRotation.x
      value: -0
      objectReference: {fileID: 0}
    - target: {fileID: 224955087372621998, guid: a9767e1416868064382854ee1910886f,
        type: 2}
      propertyPath: m_LocalRotation.y
      value: 0.7071068
      objectReference: {fileID: 0}
    - target: {fileID: 224955087372621998, guid: a9767e1416868064382854ee1910886f,
        type: 2}
      propertyPath: m_LocalRotation.z
      value: -0
      objectReference: {fileID: 0}
    - target: {fileID: 224955087372621998, guid: a9767e1416868064382854ee1910886f,
        type: 2}
      propertyPath: m_LocalRotation.w
      value: 0.70710677
      objectReference: {fileID: 0}
    - target: {fileID: 224955087372621998, guid: a9767e1416868064382854ee1910886f,
        type: 2}
      propertyPath: m_RootOrder
      value: 10
      objectReference: {fileID: 0}
    - target: {fileID: 224955087372621998, guid: a9767e1416868064382854ee1910886f,
        type: 2}
      propertyPath: m_AnchoredPosition.x
      value: -57.21
      objectReference: {fileID: 0}
    - target: {fileID: 224955087372621998, guid: a9767e1416868064382854ee1910886f,
        type: 2}
      propertyPath: m_AnchoredPosition.y
      value: -0.49
      objectReference: {fileID: 0}
    - target: {fileID: 224955087372621998, guid: a9767e1416868064382854ee1910886f,
        type: 2}
      propertyPath: m_SizeDelta.x
      value: 100
      objectReference: {fileID: 0}
    - target: {fileID: 224955087372621998, guid: a9767e1416868064382854ee1910886f,
        type: 2}
      propertyPath: m_SizeDelta.y
      value: 100
      objectReference: {fileID: 0}
    - target: {fileID: 224955087372621998, guid: a9767e1416868064382854ee1910886f,
        type: 2}
      propertyPath: m_AnchorMin.x
      value: 0.5
      objectReference: {fileID: 0}
    - target: {fileID: 224955087372621998, guid: a9767e1416868064382854ee1910886f,
        type: 2}
      propertyPath: m_AnchorMin.y
      value: 0.5
      objectReference: {fileID: 0}
    - target: {fileID: 224955087372621998, guid: a9767e1416868064382854ee1910886f,
        type: 2}
      propertyPath: m_AnchorMax.x
      value: 0.5
      objectReference: {fileID: 0}
    - target: {fileID: 224955087372621998, guid: a9767e1416868064382854ee1910886f,
        type: 2}
      propertyPath: m_AnchorMax.y
      value: 0.5
      objectReference: {fileID: 0}
    - target: {fileID: 224955087372621998, guid: a9767e1416868064382854ee1910886f,
        type: 2}
      propertyPath: m_Pivot.x
      value: 0.5
      objectReference: {fileID: 0}
    - target: {fileID: 224955087372621998, guid: a9767e1416868064382854ee1910886f,
        type: 2}
      propertyPath: m_Pivot.y
      value: 0.5
      objectReference: {fileID: 0}
    - target: {fileID: 224755394552955028, guid: a9767e1416868064382854ee1910886f,
        type: 2}
      propertyPath: m_AnchorMin.y
      value: 1
      objectReference: {fileID: 0}
    - target: {fileID: 224755394552955028, guid: a9767e1416868064382854ee1910886f,
        type: 2}
      propertyPath: m_AnchorMax.y
      value: 1
      objectReference: {fileID: 0}
    - target: {fileID: 224755394552955028, guid: a9767e1416868064382854ee1910886f,
        type: 2}
      propertyPath: m_AnchoredPosition.x
      value: 45
      objectReference: {fileID: 0}
    - target: {fileID: 224755394552955028, guid: a9767e1416868064382854ee1910886f,
        type: 2}
      propertyPath: m_AnchoredPosition.y
      value: -50
      objectReference: {fileID: 0}
    - target: {fileID: 224755394552955028, guid: a9767e1416868064382854ee1910886f,
        type: 2}
      propertyPath: m_SizeDelta.x
      value: 60
      objectReference: {fileID: 0}
    - target: {fileID: 224755394552955028, guid: a9767e1416868064382854ee1910886f,
        type: 2}
      propertyPath: m_SizeDelta.y
      value: 60
      objectReference: {fileID: 0}
    - target: {fileID: 224946113808902502, guid: a9767e1416868064382854ee1910886f,
        type: 2}
      propertyPath: m_AnchorMin.y
      value: 1
      objectReference: {fileID: 0}
    - target: {fileID: 224946113808902502, guid: a9767e1416868064382854ee1910886f,
        type: 2}
      propertyPath: m_AnchorMax.y
      value: 1
      objectReference: {fileID: 0}
    - target: {fileID: 224946113808902502, guid: a9767e1416868064382854ee1910886f,
        type: 2}
      propertyPath: m_AnchoredPosition.x
      value: 111
      objectReference: {fileID: 0}
    - target: {fileID: 224946113808902502, guid: a9767e1416868064382854ee1910886f,
        type: 2}
      propertyPath: m_AnchoredPosition.y
      value: -50
      objectReference: {fileID: 0}
    - target: {fileID: 224946113808902502, guid: a9767e1416868064382854ee1910886f,
        type: 2}
      propertyPath: m_SizeDelta.x
      value: 60
      objectReference: {fileID: 0}
    - target: {fileID: 224946113808902502, guid: a9767e1416868064382854ee1910886f,
        type: 2}
      propertyPath: m_SizeDelta.y
      value: 60
      objectReference: {fileID: 0}
    - target: {fileID: 224231654969413464, guid: a9767e1416868064382854ee1910886f,
        type: 2}
      propertyPath: m_AnchorMin.y
      value: 1
      objectReference: {fileID: 0}
    - target: {fileID: 224231654969413464, guid: a9767e1416868064382854ee1910886f,
        type: 2}
      propertyPath: m_AnchorMax.y
      value: 1
      objectReference: {fileID: 0}
    - target: {fileID: 224231654969413464, guid: a9767e1416868064382854ee1910886f,
        type: 2}
      propertyPath: m_AnchoredPosition.x
      value: 177
      objectReference: {fileID: 0}
    - target: {fileID: 224231654969413464, guid: a9767e1416868064382854ee1910886f,
        type: 2}
      propertyPath: m_AnchoredPosition.y
      value: -50
      objectReference: {fileID: 0}
    - target: {fileID: 224231654969413464, guid: a9767e1416868064382854ee1910886f,
        type: 2}
      propertyPath: m_SizeDelta.x
      value: 60
      objectReference: {fileID: 0}
    - target: {fileID: 224231654969413464, guid: a9767e1416868064382854ee1910886f,
        type: 2}
      propertyPath: m_SizeDelta.y
      value: 60
      objectReference: {fileID: 0}
    - target: {fileID: 114058975833342658, guid: a9767e1416868064382854ee1910886f,
        type: 2}
      propertyPath: data
      value: 
      objectReference: {fileID: 11400000, guid: 9ac90f5854dc0be488da0c8669381ebb,
        type: 2}
    - target: {fileID: 114475590003088516, guid: a9767e1416868064382854ee1910886f,
        type: 2}
      propertyPath: data
      value: 
      objectReference: {fileID: 11400000, guid: 3af2123428b4a0a459f950164ad49d06,
        type: 2}
    - target: {fileID: 114043518121113362, guid: a9767e1416868064382854ee1910886f,
        type: 2}
      propertyPath: data
      value: 
      objectReference: {fileID: 11400000, guid: 3af2123428b4a0a459f950164ad49d06,
        type: 2}
    - target: {fileID: 1002534402309004, guid: a9767e1416868064382854ee1910886f, type: 2}
      propertyPath: m_Name
      value: ResourceBox (2)
      objectReference: {fileID: 0}
    - target: {fileID: 224955087372621998, guid: a9767e1416868064382854ee1910886f,
        type: 2}
      propertyPath: m_LocalEulerAnglesHint.y
      value: 90.00001
      objectReference: {fileID: 0}
    - target: {fileID: 224233633191660386, guid: a9767e1416868064382854ee1910886f,
        type: 2}
      propertyPath: m_LocalPosition.z
      value: 0
      objectReference: {fileID: 0}
    - target: {fileID: 224164522386578550, guid: a9767e1416868064382854ee1910886f,
        type: 2}
      propertyPath: m_LocalPosition.z
      value: 0
      objectReference: {fileID: 0}
    - target: {fileID: 4505468069759978, guid: a9767e1416868064382854ee1910886f, type: 2}
      propertyPath: m_LocalPosition.x
      value: -58.57
      objectReference: {fileID: 0}
    - target: {fileID: 4505468069759978, guid: a9767e1416868064382854ee1910886f, type: 2}
      propertyPath: m_LocalPosition.z
      value: 5.76
      objectReference: {fileID: 0}
    m_RemovedComponents: []
  m_SourcePrefab: {fileID: 100100000, guid: a9767e1416868064382854ee1910886f, type: 2}
  m_IsPrefabAsset: 0
--- !u!114 &630273934 stripped
MonoBehaviour:
  m_CorrespondingSourceObject: {fileID: 114391618637636460, guid: a9767e1416868064382854ee1910886f,
    type: 2}
  m_PrefabInternal: {fileID: 630273933}
  m_Script: {fileID: 11500000, guid: 66d320f0f77d75348ad5d3a9fa738985, type: 3}
--- !u!1 &640346453
GameObject:
  m_ObjectHideFlags: 0
  m_CorrespondingSourceObject: {fileID: 0}
  m_PrefabInternal: {fileID: 0}
  serializedVersion: 6
  m_Component:
  - component: {fileID: 640346457}
  - component: {fileID: 640346456}
  - component: {fileID: 640346455}
  - component: {fileID: 640346454}
  m_Layer: 0
  m_Name: Cube (2)
  m_TagString: Environment
  m_Icon: {fileID: 0}
  m_NavMeshLayer: 0
  m_StaticEditorFlags: 0
  m_IsActive: 1
--- !u!23 &640346454
MeshRenderer:
  m_ObjectHideFlags: 0
  m_CorrespondingSourceObject: {fileID: 0}
  m_PrefabInternal: {fileID: 0}
  m_GameObject: {fileID: 640346453}
  m_Enabled: 1
  m_CastShadows: 1
  m_ReceiveShadows: 1
  m_DynamicOccludee: 1
  m_MotionVectors: 1
  m_LightProbeUsage: 1
  m_ReflectionProbeUsage: 1
  m_RenderingLayerMask: 4294967295
  m_Materials:
  - {fileID: 2100000, guid: a62e019c51e8f14499fd3b78d3c2bcae, type: 2}
  m_StaticBatchInfo:
    firstSubMesh: 0
    subMeshCount: 0
  m_StaticBatchRoot: {fileID: 0}
  m_ProbeAnchor: {fileID: 0}
  m_LightProbeVolumeOverride: {fileID: 0}
  m_ScaleInLightmap: 1
  m_PreserveUVs: 1
  m_IgnoreNormalsForChartDetection: 0
  m_ImportantGI: 0
  m_StitchLightmapSeams: 0
  m_SelectedEditorRenderState: 3
  m_MinimumChartSize: 4
  m_AutoUVMaxDistance: 0.5
  m_AutoUVMaxAngle: 89
  m_LightmapParameters: {fileID: 0}
  m_SortingLayerID: 0
  m_SortingLayer: 0
  m_SortingOrder: 0
--- !u!65 &640346455
BoxCollider:
  m_ObjectHideFlags: 0
  m_CorrespondingSourceObject: {fileID: 0}
  m_PrefabInternal: {fileID: 0}
  m_GameObject: {fileID: 640346453}
  m_Material: {fileID: 0}
  m_IsTrigger: 0
  m_Enabled: 1
  serializedVersion: 2
  m_Size: {x: 1, y: 1, z: 1}
  m_Center: {x: 0, y: 0, z: 0}
--- !u!33 &640346456
MeshFilter:
  m_ObjectHideFlags: 0
  m_CorrespondingSourceObject: {fileID: 0}
  m_PrefabInternal: {fileID: 0}
  m_GameObject: {fileID: 640346453}
  m_Mesh: {fileID: 10202, guid: 0000000000000000e000000000000000, type: 0}
--- !u!4 &640346457
Transform:
  m_ObjectHideFlags: 0
  m_CorrespondingSourceObject: {fileID: 0}
  m_PrefabInternal: {fileID: 0}
  m_GameObject: {fileID: 640346453}
  m_LocalRotation: {x: -0, y: -0.7071065, z: -0, w: 0.7071071}
  m_LocalPosition: {x: -20.87, y: -24.006247, z: -46.1}
  m_LocalScale: {x: 1, y: 6.671065, z: 101.62494}
  m_Children: []
  m_Father: {fileID: 1388240431}
  m_RootOrder: 2
  m_LocalEulerAnglesHint: {x: 0, y: -90.00001, z: 0}
--- !u!1 &775571207 stripped
GameObject:
  m_CorrespondingSourceObject: {fileID: 1745273304985338, guid: 716ae10711135b446b774a1bb37e28b4,
    type: 2}
  m_PrefabInternal: {fileID: 273353862}
--- !u!4 &775571216 stripped
Transform:
  m_CorrespondingSourceObject: {fileID: 4130541422271332, guid: 716ae10711135b446b774a1bb37e28b4,
    type: 2}
  m_PrefabInternal: {fileID: 273353862}
--- !u!1001 &836701660
Prefab:
  m_ObjectHideFlags: 0
  serializedVersion: 2
  m_Modification:
    m_TransformParent: {fileID: 2033797565}
    m_Modifications:
    - target: {fileID: 4248091451230576, guid: 6b05daf74db88bc40bf0ba1b75f66df7, type: 2}
      propertyPath: m_LocalPosition.x
      value: -24.3
      objectReference: {fileID: 0}
    - target: {fileID: 4248091451230576, guid: 6b05daf74db88bc40bf0ba1b75f66df7, type: 2}
      propertyPath: m_LocalPosition.y
      value: 0.17999268
      objectReference: {fileID: 0}
    - target: {fileID: 4248091451230576, guid: 6b05daf74db88bc40bf0ba1b75f66df7, type: 2}
      propertyPath: m_LocalPosition.z
      value: 5.4
      objectReference: {fileID: 0}
    - target: {fileID: 4248091451230576, guid: 6b05daf74db88bc40bf0ba1b75f66df7, type: 2}
      propertyPath: m_LocalRotation.x
      value: -0
      objectReference: {fileID: 0}
    - target: {fileID: 4248091451230576, guid: 6b05daf74db88bc40bf0ba1b75f66df7, type: 2}
      propertyPath: m_LocalRotation.y
      value: -0
      objectReference: {fileID: 0}
    - target: {fileID: 4248091451230576, guid: 6b05daf74db88bc40bf0ba1b75f66df7, type: 2}
      propertyPath: m_LocalRotation.z
      value: -0
      objectReference: {fileID: 0}
    - target: {fileID: 4248091451230576, guid: 6b05daf74db88bc40bf0ba1b75f66df7, type: 2}
      propertyPath: m_LocalRotation.w
      value: 1
      objectReference: {fileID: 0}
    - target: {fileID: 4248091451230576, guid: 6b05daf74db88bc40bf0ba1b75f66df7, type: 2}
      propertyPath: m_RootOrder
      value: 1
      objectReference: {fileID: 0}
    - target: {fileID: 114801327658754250, guid: 6b05daf74db88bc40bf0ba1b75f66df7,
        type: 2}
      propertyPath: playerTransform
      value: 
      objectReference: {fileID: 0}
    - target: {fileID: 1487931366531144, guid: 6b05daf74db88bc40bf0ba1b75f66df7, type: 2}
      propertyPath: m_Name
      value: Enemy (2)
      objectReference: {fileID: 0}
    m_RemovedComponents: []
  m_SourcePrefab: {fileID: 100100000, guid: 6b05daf74db88bc40bf0ba1b75f66df7, type: 2}
  m_IsPrefabAsset: 0
--- !u!1 &848200206 stripped
GameObject:
  m_CorrespondingSourceObject: {fileID: 1487931366531144, guid: 6b05daf74db88bc40bf0ba1b75f66df7,
    type: 2}
  m_PrefabInternal: {fileID: 288157938}
--- !u!4 &848200215 stripped
Transform:
  m_CorrespondingSourceObject: {fileID: 4248091451230576, guid: 6b05daf74db88bc40bf0ba1b75f66df7,
    type: 2}
  m_PrefabInternal: {fileID: 288157938}
--- !u!1001 &860796837
Prefab:
  m_ObjectHideFlags: 0
  serializedVersion: 2
  m_Modification:
    m_TransformParent: {fileID: 0}
    m_Modifications:
    - target: {fileID: 4192486848585406, guid: a9fb563e49897114aa00ada020a43384, type: 2}
      propertyPath: m_LocalPosition.x
      value: 0
      objectReference: {fileID: 0}
    - target: {fileID: 4192486848585406, guid: a9fb563e49897114aa00ada020a43384, type: 2}
      propertyPath: m_LocalPosition.y
      value: -14.3
      objectReference: {fileID: 0}
    - target: {fileID: 4192486848585406, guid: a9fb563e49897114aa00ada020a43384, type: 2}
      propertyPath: m_LocalPosition.z
      value: 0
      objectReference: {fileID: 0}
    - target: {fileID: 4192486848585406, guid: a9fb563e49897114aa00ada020a43384, type: 2}
      propertyPath: m_LocalRotation.x
      value: 0
      objectReference: {fileID: 0}
    - target: {fileID: 4192486848585406, guid: a9fb563e49897114aa00ada020a43384, type: 2}
      propertyPath: m_LocalRotation.y
      value: 0
      objectReference: {fileID: 0}
    - target: {fileID: 4192486848585406, guid: a9fb563e49897114aa00ada020a43384, type: 2}
      propertyPath: m_LocalRotation.z
      value: 0
      objectReference: {fileID: 0}
    - target: {fileID: 4192486848585406, guid: a9fb563e49897114aa00ada020a43384, type: 2}
      propertyPath: m_LocalRotation.w
      value: 1
      objectReference: {fileID: 0}
    - target: {fileID: 4192486848585406, guid: a9fb563e49897114aa00ada020a43384, type: 2}
      propertyPath: m_RootOrder
      value: 6
      objectReference: {fileID: 0}
    m_RemovedComponents: []
  m_SourcePrefab: {fileID: 100100000, guid: a9fb563e49897114aa00ada020a43384, type: 2}
  m_IsPrefabAsset: 0
--- !u!1 &1085467988 stripped
GameObject:
  m_CorrespondingSourceObject: {fileID: 1244917744091094, guid: e54d53d97f92bdc419e176912a639a3a,
    type: 2}
  m_PrefabInternal: {fileID: 1313130249}
--- !u!4 &1085467997 stripped
Transform:
  m_CorrespondingSourceObject: {fileID: 4090703302508822, guid: e54d53d97f92bdc419e176912a639a3a,
    type: 2}
  m_PrefabInternal: {fileID: 1313130249}
--- !u!1 &1204569298
GameObject:
  m_ObjectHideFlags: 0
  m_CorrespondingSourceObject: {fileID: 0}
  m_PrefabInternal: {fileID: 0}
  serializedVersion: 6
  m_Component:
  - component: {fileID: 1204569302}
  - component: {fileID: 1204569301}
  - component: {fileID: 1204569300}
  - component: {fileID: 1204569299}
  m_Layer: 0
  m_Name: Cube (1)
  m_TagString: Environment
  m_Icon: {fileID: 0}
  m_NavMeshLayer: 0
  m_StaticEditorFlags: 0
  m_IsActive: 1
--- !u!23 &1204569299
MeshRenderer:
  m_ObjectHideFlags: 0
  m_CorrespondingSourceObject: {fileID: 0}
  m_PrefabInternal: {fileID: 0}
  m_GameObject: {fileID: 1204569298}
  m_Enabled: 1
  m_CastShadows: 1
  m_ReceiveShadows: 1
  m_DynamicOccludee: 1
  m_MotionVectors: 1
  m_LightProbeUsage: 1
  m_ReflectionProbeUsage: 1
  m_RenderingLayerMask: 4294967295
  m_Materials:
  - {fileID: 2100000, guid: a62e019c51e8f14499fd3b78d3c2bcae, type: 2}
  m_StaticBatchInfo:
    firstSubMesh: 0
    subMeshCount: 0
  m_StaticBatchRoot: {fileID: 0}
  m_ProbeAnchor: {fileID: 0}
  m_LightProbeVolumeOverride: {fileID: 0}
  m_ScaleInLightmap: 1
  m_PreserveUVs: 1
  m_IgnoreNormalsForChartDetection: 0
  m_ImportantGI: 0
  m_StitchLightmapSeams: 0
  m_SelectedEditorRenderState: 3
  m_MinimumChartSize: 4
  m_AutoUVMaxDistance: 0.5
  m_AutoUVMaxAngle: 89
  m_LightmapParameters: {fileID: 0}
  m_SortingLayerID: 0
  m_SortingLayer: 0
  m_SortingOrder: 0
--- !u!65 &1204569300
BoxCollider:
  m_ObjectHideFlags: 0
  m_CorrespondingSourceObject: {fileID: 0}
  m_PrefabInternal: {fileID: 0}
  m_GameObject: {fileID: 1204569298}
  m_Material: {fileID: 0}
  m_IsTrigger: 0
  m_Enabled: 1
  serializedVersion: 2
  m_Size: {x: 1, y: 1, z: 1}
  m_Center: {x: 0, y: 0, z: 0}
--- !u!33 &1204569301
MeshFilter:
  m_ObjectHideFlags: 0
  m_CorrespondingSourceObject: {fileID: 0}
  m_PrefabInternal: {fileID: 0}
  m_GameObject: {fileID: 1204569298}
  m_Mesh: {fileID: 10202, guid: 0000000000000000e000000000000000, type: 0}
--- !u!4 &1204569302
Transform:
  m_ObjectHideFlags: 0
  m_CorrespondingSourceObject: {fileID: 0}
  m_PrefabInternal: {fileID: 0}
  m_GameObject: {fileID: 1204569298}
  m_LocalRotation: {x: -0, y: -0, z: -0, w: 1}
  m_LocalPosition: {x: -71.2, y: -24.006247, z: -38.68}
  m_LocalScale: {x: 1, y: 6.671065, z: 13.9475565}
  m_Children: []
  m_Father: {fileID: 1388240431}
  m_RootOrder: 1
  m_LocalEulerAnglesHint: {x: 0, y: 0, z: 0}
--- !u!1 &1268711073
GameObject:
  m_ObjectHideFlags: 0
  m_CorrespondingSourceObject: {fileID: 0}
  m_PrefabInternal: {fileID: 0}
  serializedVersion: 6
  m_Component:
  - component: {fileID: 1268711077}
  - component: {fileID: 1268711076}
  - component: {fileID: 1268711075}
  - component: {fileID: 1268711074}
  m_Layer: 10
  m_Name: Plane
  m_TagString: Environment
  m_Icon: {fileID: 0}
  m_NavMeshLayer: 0
  m_StaticEditorFlags: 0
  m_IsActive: 1
--- !u!23 &1268711074
MeshRenderer:
  m_ObjectHideFlags: 0
  m_CorrespondingSourceObject: {fileID: 0}
  m_PrefabInternal: {fileID: 0}
  m_GameObject: {fileID: 1268711073}
  m_Enabled: 1
  m_CastShadows: 1
  m_ReceiveShadows: 1
  m_DynamicOccludee: 1
  m_MotionVectors: 1
  m_LightProbeUsage: 1
  m_ReflectionProbeUsage: 1
  m_RenderingLayerMask: 4294967295
  m_Materials:
  - {fileID: 2100000, guid: 979617380828bb145b74b4358d5ecd16, type: 2}
  m_StaticBatchInfo:
    firstSubMesh: 0
    subMeshCount: 0
  m_StaticBatchRoot: {fileID: 0}
  m_ProbeAnchor: {fileID: 0}
  m_LightProbeVolumeOverride: {fileID: 0}
  m_ScaleInLightmap: 1
  m_PreserveUVs: 1
  m_IgnoreNormalsForChartDetection: 0
  m_ImportantGI: 0
  m_StitchLightmapSeams: 0
  m_SelectedEditorRenderState: 3
  m_MinimumChartSize: 4
  m_AutoUVMaxDistance: 0.5
  m_AutoUVMaxAngle: 89
  m_LightmapParameters: {fileID: 0}
  m_SortingLayerID: 0
  m_SortingLayer: 0
  m_SortingOrder: 0
--- !u!64 &1268711075
MeshCollider:
  m_ObjectHideFlags: 0
  m_CorrespondingSourceObject: {fileID: 0}
  m_PrefabInternal: {fileID: 0}
  m_GameObject: {fileID: 1268711073}
  m_Material: {fileID: 0}
  m_IsTrigger: 0
  m_Enabled: 1
  serializedVersion: 3
  m_Convex: 0
  m_CookingOptions: 14
  m_SkinWidth: 0.01
  m_Mesh: {fileID: 10209, guid: 0000000000000000e000000000000000, type: 0}
--- !u!33 &1268711076
MeshFilter:
  m_ObjectHideFlags: 0
  m_CorrespondingSourceObject: {fileID: 0}
  m_PrefabInternal: {fileID: 0}
  m_GameObject: {fileID: 1268711073}
  m_Mesh: {fileID: 10209, guid: 0000000000000000e000000000000000, type: 0}
--- !u!4 &1268711077
Transform:
  m_ObjectHideFlags: 0
  m_CorrespondingSourceObject: {fileID: 0}
  m_PrefabInternal: {fileID: 0}
  m_GameObject: {fileID: 1268711073}
  m_LocalRotation: {x: -0, y: -0, z: -0, w: 1}
  m_LocalPosition: {x: -21.603, y: -25.5, z: -38.497}
  m_LocalScale: {x: 9.995482, y: 7.616735, z: 1.4779488}
  m_Children: []
  m_Father: {fileID: 1388240431}
  m_RootOrder: 0
  m_LocalEulerAnglesHint: {x: 0, y: 0, z: 0}
--- !u!1001 &1313130249
Prefab:
  m_ObjectHideFlags: 0
  serializedVersion: 2
  m_Modification:
    m_TransformParent: {fileID: 2033797565}
    m_Modifications:
    - target: {fileID: 4090703302508822, guid: e54d53d97f92bdc419e176912a639a3a, type: 2}
      propertyPath: m_LocalPosition.x
      value: -16.9
      objectReference: {fileID: 0}
    - target: {fileID: 4090703302508822, guid: e54d53d97f92bdc419e176912a639a3a, type: 2}
      propertyPath: m_LocalPosition.y
      value: 0.66
      objectReference: {fileID: 0}
    - target: {fileID: 4090703302508822, guid: e54d53d97f92bdc419e176912a639a3a, type: 2}
      propertyPath: m_LocalPosition.z
      value: 8.7
      objectReference: {fileID: 0}
    - target: {fileID: 4090703302508822, guid: e54d53d97f92bdc419e176912a639a3a, type: 2}
      propertyPath: m_LocalRotation.x
      value: -0
      objectReference: {fileID: 0}
    - target: {fileID: 4090703302508822, guid: e54d53d97f92bdc419e176912a639a3a, type: 2}
      propertyPath: m_LocalRotation.y
      value: -0
      objectReference: {fileID: 0}
    - target: {fileID: 4090703302508822, guid: e54d53d97f92bdc419e176912a639a3a, type: 2}
      propertyPath: m_LocalRotation.z
      value: -0
      objectReference: {fileID: 0}
    - target: {fileID: 4090703302508822, guid: e54d53d97f92bdc419e176912a639a3a, type: 2}
      propertyPath: m_LocalRotation.w
      value: 1
      objectReference: {fileID: 0}
    - target: {fileID: 4090703302508822, guid: e54d53d97f92bdc419e176912a639a3a, type: 2}
      propertyPath: m_RootOrder
      value: 6
      objectReference: {fileID: 0}
    - target: {fileID: 1244917744091094, guid: e54d53d97f92bdc419e176912a639a3a, type: 2}
      propertyPath: m_Name
      value: Fast Enemy
      objectReference: {fileID: 0}
    m_RemovedComponents: []
  m_SourcePrefab: {fileID: 100100000, guid: e54d53d97f92bdc419e176912a639a3a, type: 2}
  m_IsPrefabAsset: 0
--- !u!1 &1388240430
GameObject:
  m_ObjectHideFlags: 0
  m_CorrespondingSourceObject: {fileID: 0}
  m_PrefabInternal: {fileID: 0}
  serializedVersion: 6
  m_Component:
  - component: {fileID: 1388240431}
  m_Layer: 0
  m_Name: Environment
  m_TagString: Environment
  m_Icon: {fileID: 0}
  m_NavMeshLayer: 0
  m_StaticEditorFlags: 0
  m_IsActive: 1
--- !u!4 &1388240431
Transform:
  m_ObjectHideFlags: 0
  m_CorrespondingSourceObject: {fileID: 0}
  m_PrefabInternal: {fileID: 0}
  m_GameObject: {fileID: 1388240430}
  m_LocalRotation: {x: 0, y: 0, z: 0, w: 1}
  m_LocalPosition: {x: 10.364687, y: 24.373966, z: 44.33894}
  m_LocalScale: {x: 1, y: 1, z: 1}
  m_Children:
  - {fileID: 1268711077}
  - {fileID: 1204569302}
  - {fileID: 640346457}
  - {fileID: 1676697344}
  - {fileID: 421492657}
  - {fileID: 332677179}
  - {fileID: 1787618048}
  m_Father: {fileID: 0}
  m_RootOrder: 8
  m_LocalEulerAnglesHint: {x: 0, y: 0, z: 0}
--- !u!1 &1406820682
GameObject:
  m_ObjectHideFlags: 0
  m_CorrespondingSourceObject: {fileID: 0}
  m_PrefabInternal: {fileID: 0}
  serializedVersion: 6
  m_Component:
  - component: {fileID: 1406820685}
  - component: {fileID: 1406820684}
  - component: {fileID: 1406820683}
  m_Layer: 0
  m_Name: EventSystem
  m_TagString: Untagged
  m_Icon: {fileID: 0}
  m_NavMeshLayer: 0
  m_StaticEditorFlags: 0
  m_IsActive: 1
--- !u!114 &1406820683
MonoBehaviour:
  m_ObjectHideFlags: 0
  m_CorrespondingSourceObject: {fileID: 0}
  m_PrefabInternal: {fileID: 0}
  m_GameObject: {fileID: 1406820682}
  m_Enabled: 1
  m_EditorHideFlags: 0
  m_Script: {fileID: 1077351063, guid: f70555f144d8491a825f0804e09c671c, type: 3}
  m_Name: 
  m_EditorClassIdentifier: 
  m_HorizontalAxis: Horizontal
  m_VerticalAxis: Vertical
  m_SubmitButton: Submit
  m_CancelButton: Cancel
  m_InputActionsPerSecond: 10
  m_RepeatDelay: 0.5
  m_ForceModuleActive: 0
--- !u!114 &1406820684
MonoBehaviour:
  m_ObjectHideFlags: 0
  m_CorrespondingSourceObject: {fileID: 0}
  m_PrefabInternal: {fileID: 0}
  m_GameObject: {fileID: 1406820682}
  m_Enabled: 1
  m_EditorHideFlags: 0
  m_Script: {fileID: -619905303, guid: f70555f144d8491a825f0804e09c671c, type: 3}
  m_Name: 
  m_EditorClassIdentifier: 
  m_FirstSelected: {fileID: 0}
  m_sendNavigationEvents: 1
  m_DragThreshold: 5
--- !u!4 &1406820685
Transform:
  m_ObjectHideFlags: 0
  m_CorrespondingSourceObject: {fileID: 0}
  m_PrefabInternal: {fileID: 0}
  m_GameObject: {fileID: 1406820682}
  m_LocalRotation: {x: 0, y: 0, z: 0, w: 1}
  m_LocalPosition: {x: 0, y: 0, z: 0}
  m_LocalScale: {x: 1, y: 1, z: 1}
  m_Children: []
  m_Father: {fileID: 0}
  m_RootOrder: 10
  m_LocalEulerAnglesHint: {x: 0, y: 0, z: 0}
--- !u!1 &1414652840
GameObject:
  m_ObjectHideFlags: 0
  m_CorrespondingSourceObject: {fileID: 0}
  m_PrefabInternal: {fileID: 0}
  serializedVersion: 6
  m_Component:
  - component: {fileID: 1414652842}
  - component: {fileID: 1414652841}
  m_Layer: 0
  m_Name: Directional Light
  m_TagString: Untagged
  m_Icon: {fileID: 0}
  m_NavMeshLayer: 0
  m_StaticEditorFlags: 0
  m_IsActive: 0
--- !u!108 &1414652841
Light:
  m_ObjectHideFlags: 0
  m_CorrespondingSourceObject: {fileID: 0}
  m_PrefabInternal: {fileID: 0}
  m_GameObject: {fileID: 1414652840}
  m_Enabled: 1
  serializedVersion: 8
  m_Type: 1
  m_Color: {r: 1, g: 0.95686275, b: 0.8392157, a: 1}
  m_Intensity: 1
  m_Range: 10
  m_SpotAngle: 30
  m_CookieSize: 10
  m_Shadows:
    m_Type: 2
    m_Resolution: -1
    m_CustomResolution: -1
    m_Strength: 1
    m_Bias: 0.05
    m_NormalBias: 0.4
    m_NearPlane: 0.2
  m_Cookie: {fileID: 0}
  m_DrawHalo: 0
  m_Flare: {fileID: 0}
  m_RenderMode: 0
  m_CullingMask:
    serializedVersion: 2
    m_Bits: 4294967295
  m_Lightmapping: 4
  m_LightShadowCasterMode: 0
  m_AreaSize: {x: 1, y: 1}
  m_BounceIntensity: 1
  m_ColorTemperature: 6570
  m_UseColorTemperature: 0
  m_ShadowRadius: 0
  m_ShadowAngle: 0
--- !u!4 &1414652842
Transform:
  m_ObjectHideFlags: 0
  m_CorrespondingSourceObject: {fileID: 0}
  m_PrefabInternal: {fileID: 0}
  m_GameObject: {fileID: 1414652840}
  m_LocalRotation: {x: 0.7071068, y: 0, z: 0, w: 0.7071068}
  m_LocalPosition: {x: 0, y: -11.3, z: 0}
  m_LocalScale: {x: 1, y: 1, z: 1}
  m_Children: []
  m_Father: {fileID: 0}
  m_RootOrder: 6
  m_LocalEulerAnglesHint: {x: 90, y: 0, z: 0}
--- !u!1001 &1517505229
Prefab:
  m_ObjectHideFlags: 0
  serializedVersion: 2
  m_Modification:
    m_TransformParent: {fileID: 1388240431}
    m_Modifications:
    - target: {fileID: 400000, guid: 2efb098e46ba3e44cae4f1ba84005732, type: 2}
      propertyPath: m_LocalPosition.x
      value: -1.2
      objectReference: {fileID: 0}
    - target: {fileID: 400000, guid: 2efb098e46ba3e44cae4f1ba84005732, type: 2}
      propertyPath: m_LocalPosition.y
      value: -25.5
      objectReference: {fileID: 0}
    - target: {fileID: 400000, guid: 2efb098e46ba3e44cae4f1ba84005732, type: 2}
      propertyPath: m_LocalPosition.z
      value: -44.8
      objectReference: {fileID: 0}
    - target: {fileID: 400000, guid: 2efb098e46ba3e44cae4f1ba84005732, type: 2}
      propertyPath: m_LocalRotation.x
      value: -0.0000003195054
      objectReference: {fileID: 0}
    - target: {fileID: 400000, guid: 2efb098e46ba3e44cae4f1ba84005732, type: 2}
      propertyPath: m_LocalRotation.y
      value: -0.70710695
      objectReference: {fileID: 0}
    - target: {fileID: 400000, guid: 2efb098e46ba3e44cae4f1ba84005732, type: 2}
      propertyPath: m_LocalRotation.z
      value: -0.7071067
      objectReference: {fileID: 0}
    - target: {fileID: 400000, guid: 2efb098e46ba3e44cae4f1ba84005732, type: 2}
      propertyPath: m_LocalRotation.w
      value: 0.00000042468304
      objectReference: {fileID: 0}
    - target: {fileID: 400000, guid: 2efb098e46ba3e44cae4f1ba84005732, type: 2}
      propertyPath: m_RootOrder
      value: 12
      objectReference: {fileID: 0}
    - target: {fileID: 400000, guid: 2efb098e46ba3e44cae4f1ba84005732, type: 2}
      propertyPath: m_LocalEulerAnglesHint.x
      value: -90.00001
      objectReference: {fileID: 0}
    - target: {fileID: 400000, guid: 2efb098e46ba3e44cae4f1ba84005732, type: 2}
      propertyPath: m_LocalEulerAnglesHint.z
      value: -180.00002
      objectReference: {fileID: 0}
    - target: {fileID: 100006, guid: 2efb098e46ba3e44cae4f1ba84005732, type: 2}
      propertyPath: m_StaticEditorFlags
      value: 0
      objectReference: {fileID: 0}
    - target: {fileID: 100004, guid: 2efb098e46ba3e44cae4f1ba84005732, type: 2}
      propertyPath: m_StaticEditorFlags
      value: 0
      objectReference: {fileID: 0}
    - target: {fileID: 100000, guid: 2efb098e46ba3e44cae4f1ba84005732, type: 2}
      propertyPath: m_StaticEditorFlags
      value: 0
      objectReference: {fileID: 0}
    - target: {fileID: 100002, guid: 2efb098e46ba3e44cae4f1ba84005732, type: 2}
      propertyPath: m_StaticEditorFlags
      value: 0
      objectReference: {fileID: 0}
    - target: {fileID: 100012, guid: 2efb098e46ba3e44cae4f1ba84005732, type: 2}
      propertyPath: m_StaticEditorFlags
      value: 0
      objectReference: {fileID: 0}
    - target: {fileID: 100008, guid: 2efb098e46ba3e44cae4f1ba84005732, type: 2}
      propertyPath: m_StaticEditorFlags
      value: 0
      objectReference: {fileID: 0}
    - target: {fileID: 100010, guid: 2efb098e46ba3e44cae4f1ba84005732, type: 2}
      propertyPath: m_StaticEditorFlags
      value: 0
      objectReference: {fileID: 0}
    - target: {fileID: 100000, guid: 2efb098e46ba3e44cae4f1ba84005732, type: 2}
      propertyPath: m_TagString
      value: Environment
      objectReference: {fileID: 0}
    m_RemovedComponents: []
  m_SourcePrefab: {fileID: 100100000, guid: 2efb098e46ba3e44cae4f1ba84005732, type: 2}
  m_IsPrefabAsset: 0
--- !u!1 &1539983079 stripped
GameObject:
  m_CorrespondingSourceObject: {fileID: 1487931366531144, guid: 6b05daf74db88bc40bf0ba1b75f66df7,
    type: 2}
  m_PrefabInternal: {fileID: 258249669}
--- !u!4 &1539983088 stripped
Transform:
  m_CorrespondingSourceObject: {fileID: 4248091451230576, guid: 6b05daf74db88bc40bf0ba1b75f66df7,
    type: 2}
  m_PrefabInternal: {fileID: 258249669}
--- !u!1 &1563284097
GameObject:
  m_ObjectHideFlags: 0
  m_CorrespondingSourceObject: {fileID: 0}
  m_PrefabInternal: {fileID: 0}
  serializedVersion: 6
  m_Component:
  - component: {fileID: 1563284099}
  - component: {fileID: 1563284098}
  m_Layer: 0
  m_Name: PointLight
  m_TagString: Untagged
  m_Icon: {fileID: 0}
  m_NavMeshLayer: 0
  m_StaticEditorFlags: 0
  m_IsActive: 1
--- !u!108 &1563284098
Light:
  m_ObjectHideFlags: 0
  m_CorrespondingSourceObject: {fileID: 0}
  m_PrefabInternal: {fileID: 0}
  m_GameObject: {fileID: 1563284097}
  m_Enabled: 1
  serializedVersion: 8
  m_Type: 2
  m_Color: {r: 1, g: 1, b: 1, a: 1}
  m_Intensity: 1
  m_Range: 10
  m_SpotAngle: 30
  m_CookieSize: 10
  m_Shadows:
    m_Type: 0
    m_Resolution: -1
    m_CustomResolution: -1
    m_Strength: 1
    m_Bias: 0.05
    m_NormalBias: 0.4
    m_NearPlane: 0.2
  m_Cookie: {fileID: 0}
  m_DrawHalo: 0
  m_Flare: {fileID: 0}
  m_RenderMode: 0
  m_CullingMask:
    serializedVersion: 2
    m_Bits: 4294967295
  m_Lightmapping: 4
  m_LightShadowCasterMode: 0
  m_AreaSize: {x: 1, y: 1}
  m_BounceIntensity: 1
  m_ColorTemperature: 6570
  m_UseColorTemperature: 0
  m_ShadowRadius: 0
  m_ShadowAngle: 0
--- !u!4 &1563284099
Transform:
  m_ObjectHideFlags: 0
  m_CorrespondingSourceObject: {fileID: 0}
  m_PrefabInternal: {fileID: 0}
  m_GameObject: {fileID: 1563284097}
  m_LocalRotation: {x: 0, y: 0, z: 0, w: 1}
  m_LocalPosition: {x: 34.606064, y: 3.29, z: 0.06607189}
  m_LocalScale: {x: 1, y: 1, z: 1}
  m_Children: []
  m_Father: {fileID: 0}
  m_RootOrder: 12
  m_LocalEulerAnglesHint: {x: 0, y: 0, z: 0}
--- !u!1 &1676697340
GameObject:
  m_ObjectHideFlags: 0
  m_CorrespondingSourceObject: {fileID: 0}
  m_PrefabInternal: {fileID: 0}
  serializedVersion: 6
  m_Component:
  - component: {fileID: 1676697344}
  - component: {fileID: 1676697343}
  - component: {fileID: 1676697342}
  - component: {fileID: 1676697341}
  m_Layer: 0
  m_Name: Cube (5)
  m_TagString: Environment
  m_Icon: {fileID: 0}
  m_NavMeshLayer: 0
  m_StaticEditorFlags: 0
  m_IsActive: 1
--- !u!23 &1676697341
MeshRenderer:
  m_ObjectHideFlags: 0
  m_CorrespondingSourceObject: {fileID: 0}
  m_PrefabInternal: {fileID: 0}
  m_GameObject: {fileID: 1676697340}
  m_Enabled: 1
  m_CastShadows: 1
  m_ReceiveShadows: 1
  m_DynamicOccludee: 1
  m_MotionVectors: 1
  m_LightProbeUsage: 1
  m_ReflectionProbeUsage: 1
  m_RenderingLayerMask: 4294967295
  m_Materials:
  - {fileID: 2100000, guid: a62e019c51e8f14499fd3b78d3c2bcae, type: 2}
  m_StaticBatchInfo:
    firstSubMesh: 0
    subMeshCount: 0
  m_StaticBatchRoot: {fileID: 0}
  m_ProbeAnchor: {fileID: 0}
  m_LightProbeVolumeOverride: {fileID: 0}
  m_ScaleInLightmap: 1
  m_PreserveUVs: 1
  m_IgnoreNormalsForChartDetection: 0
  m_ImportantGI: 0
  m_StitchLightmapSeams: 0
  m_SelectedEditorRenderState: 3
  m_MinimumChartSize: 4
  m_AutoUVMaxDistance: 0.5
  m_AutoUVMaxAngle: 89
  m_LightmapParameters: {fileID: 0}
  m_SortingLayerID: 0
  m_SortingLayer: 0
  m_SortingOrder: 0
--- !u!65 &1676697342
BoxCollider:
  m_ObjectHideFlags: 0
  m_CorrespondingSourceObject: {fileID: 0}
  m_PrefabInternal: {fileID: 0}
  m_GameObject: {fileID: 1676697340}
  m_Material: {fileID: 0}
  m_IsTrigger: 0
  m_Enabled: 1
  serializedVersion: 2
  m_Size: {x: 1, y: 1, z: 1}
  m_Center: {x: 0, y: 0, z: 0}
--- !u!33 &1676697343
MeshFilter:
  m_ObjectHideFlags: 0
  m_CorrespondingSourceObject: {fileID: 0}
  m_PrefabInternal: {fileID: 0}
  m_GameObject: {fileID: 1676697340}
  m_Mesh: {fileID: 10202, guid: 0000000000000000e000000000000000, type: 0}
--- !u!4 &1676697344
Transform:
  m_ObjectHideFlags: 0
  m_CorrespondingSourceObject: {fileID: 0}
  m_PrefabInternal: {fileID: 0}
  m_GameObject: {fileID: 1676697340}
  m_LocalRotation: {x: -0, y: -0.7071065, z: -0, w: 0.7071071}
  m_LocalPosition: {x: -20.868, y: -24.006247, z: -31.6}
  m_LocalScale: {x: 1, y: 6.671065, z: 101.67167}
  m_Children: []
  m_Father: {fileID: 1388240431}
  m_RootOrder: 3
  m_LocalEulerAnglesHint: {x: 0, y: -90.00001, z: 0}
--- !u!1 &1692895238 stripped
GameObject:
  m_CorrespondingSourceObject: {fileID: 1487931366531144, guid: 6b05daf74db88bc40bf0ba1b75f66df7,
    type: 2}
  m_PrefabInternal: {fileID: 2042106193}
--- !u!4 &1692895247 stripped
Transform:
  m_CorrespondingSourceObject: {fileID: 4248091451230576, guid: 6b05daf74db88bc40bf0ba1b75f66df7,
    type: 2}
  m_PrefabInternal: {fileID: 2042106193}
--- !u!1001 &1712034558
Prefab:
  m_ObjectHideFlags: 0
  serializedVersion: 2
  m_Modification:
    m_TransformParent: {fileID: 1388240431}
    m_Modifications:
    - target: {fileID: 400000, guid: 14987c031123b98408a165a8bf1288d4, type: 2}
      propertyPath: m_LocalPosition.x
      value: -6.28
      objectReference: {fileID: 0}
    - target: {fileID: 400000, guid: 14987c031123b98408a165a8bf1288d4, type: 2}
      propertyPath: m_LocalPosition.y
      value: -25.408243
      objectReference: {fileID: 0}
    - target: {fileID: 400000, guid: 14987c031123b98408a165a8bf1288d4, type: 2}
      propertyPath: m_LocalPosition.z
      value: -32.41
      objectReference: {fileID: 0}
    - target: {fileID: 400000, guid: 14987c031123b98408a165a8bf1288d4, type: 2}
      propertyPath: m_LocalRotation.x
      value: -0
      objectReference: {fileID: 0}
    - target: {fileID: 400000, guid: 14987c031123b98408a165a8bf1288d4, type: 2}
      propertyPath: m_LocalRotation.y
      value: -0.86602515
      objectReference: {fileID: 0}
    - target: {fileID: 400000, guid: 14987c031123b98408a165a8bf1288d4, type: 2}
      propertyPath: m_LocalRotation.z
      value: -0
      objectReference: {fileID: 0}
    - target: {fileID: 400000, guid: 14987c031123b98408a165a8bf1288d4, type: 2}
      propertyPath: m_LocalRotation.w
      value: 0.50000054
      objectReference: {fileID: 0}
    - target: {fileID: 400000, guid: 14987c031123b98408a165a8bf1288d4, type: 2}
      propertyPath: m_RootOrder
      value: 7
      objectReference: {fileID: 0}
    - target: {fileID: 400000, guid: 14987c031123b98408a165a8bf1288d4, type: 2}
      propertyPath: m_LocalEulerAnglesHint.y
      value: -120.00001
      objectReference: {fileID: 0}
    - target: {fileID: 400000, guid: 14987c031123b98408a165a8bf1288d4, type: 2}
      propertyPath: m_LocalScale.x
      value: 0.5037472
      objectReference: {fileID: 0}
    - target: {fileID: 400000, guid: 14987c031123b98408a165a8bf1288d4, type: 2}
      propertyPath: m_LocalScale.z
      value: 0.18145062
      objectReference: {fileID: 0}
    - target: {fileID: 100000, guid: 14987c031123b98408a165a8bf1288d4, type: 2}
      propertyPath: m_StaticEditorFlags
      value: 0
      objectReference: {fileID: 0}
    - target: {fileID: 100000, guid: 14987c031123b98408a165a8bf1288d4, type: 2}
      propertyPath: m_TagString
      value: Environment
      objectReference: {fileID: 0}
    m_RemovedComponents: []
  m_SourcePrefab: {fileID: 100100000, guid: 14987c031123b98408a165a8bf1288d4, type: 2}
  m_IsPrefabAsset: 0
--- !u!1001 &1758665491
Prefab:
  m_ObjectHideFlags: 0
  serializedVersion: 2
  m_Modification:
    m_TransformParent: {fileID: 0}
    m_Modifications:
    - target: {fileID: 4391960565393610, guid: 02a34aa5aafc95a4390219cc425ffdab, type: 2}
      propertyPath: m_LocalPosition.x
      value: 33.68899
      objectReference: {fileID: 0}
    - target: {fileID: 4391960565393610, guid: 02a34aa5aafc95a4390219cc425ffdab, type: 2}
      propertyPath: m_LocalPosition.y
      value: -0.05000019
      objectReference: {fileID: 0}
    - target: {fileID: 4391960565393610, guid: 02a34aa5aafc95a4390219cc425ffdab, type: 2}
      propertyPath: m_LocalPosition.z
      value: 11.3
      objectReference: {fileID: 0}
    - target: {fileID: 4391960565393610, guid: 02a34aa5aafc95a4390219cc425ffdab, type: 2}
      propertyPath: m_LocalRotation.x
      value: 0
      objectReference: {fileID: 0}
    - target: {fileID: 4391960565393610, guid: 02a34aa5aafc95a4390219cc425ffdab, type: 2}
      propertyPath: m_LocalRotation.y
      value: 0
      objectReference: {fileID: 0}
    - target: {fileID: 4391960565393610, guid: 02a34aa5aafc95a4390219cc425ffdab, type: 2}
      propertyPath: m_LocalRotation.z
      value: 0
      objectReference: {fileID: 0}
    - target: {fileID: 4391960565393610, guid: 02a34aa5aafc95a4390219cc425ffdab, type: 2}
      propertyPath: m_LocalRotation.w
      value: 1
      objectReference: {fileID: 0}
    - target: {fileID: 4391960565393610, guid: 02a34aa5aafc95a4390219cc425ffdab, type: 2}
      propertyPath: m_RootOrder
      value: 2
      objectReference: {fileID: 0}
    - target: {fileID: 224734709257951530, guid: 02a34aa5aafc95a4390219cc425ffdab,
        type: 2}
      propertyPath: m_AnchorMin.y
      value: 1
      objectReference: {fileID: 0}
    - target: {fileID: 224734709257951530, guid: 02a34aa5aafc95a4390219cc425ffdab,
        type: 2}
      propertyPath: m_AnchorMax.y
      value: 1
      objectReference: {fileID: 0}
    - target: {fileID: 224734709257951530, guid: 02a34aa5aafc95a4390219cc425ffdab,
        type: 2}
      propertyPath: m_AnchoredPosition.x
      value: 243
      objectReference: {fileID: 0}
    - target: {fileID: 224734709257951530, guid: 02a34aa5aafc95a4390219cc425ffdab,
        type: 2}
      propertyPath: m_AnchoredPosition.y
      value: -182
      objectReference: {fileID: 0}
    - target: {fileID: 224734709257951530, guid: 02a34aa5aafc95a4390219cc425ffdab,
        type: 2}
      propertyPath: m_SizeDelta.x
      value: 60
      objectReference: {fileID: 0}
    - target: {fileID: 224734709257951530, guid: 02a34aa5aafc95a4390219cc425ffdab,
        type: 2}
      propertyPath: m_SizeDelta.y
      value: 60
      objectReference: {fileID: 0}
    - target: {fileID: 224355012698470600, guid: 02a34aa5aafc95a4390219cc425ffdab,
        type: 2}
      propertyPath: m_AnchorMin.y
      value: 1
      objectReference: {fileID: 0}
    - target: {fileID: 224355012698470600, guid: 02a34aa5aafc95a4390219cc425ffdab,
        type: 2}
      propertyPath: m_AnchorMax.y
      value: 1
      objectReference: {fileID: 0}
    - target: {fileID: 224355012698470600, guid: 02a34aa5aafc95a4390219cc425ffdab,
        type: 2}
      propertyPath: m_AnchoredPosition.x
      value: 111
      objectReference: {fileID: 0}
    - target: {fileID: 224355012698470600, guid: 02a34aa5aafc95a4390219cc425ffdab,
        type: 2}
      propertyPath: m_AnchoredPosition.y
      value: -50
      objectReference: {fileID: 0}
    - target: {fileID: 224355012698470600, guid: 02a34aa5aafc95a4390219cc425ffdab,
        type: 2}
      propertyPath: m_SizeDelta.x
      value: 60
      objectReference: {fileID: 0}
    - target: {fileID: 224355012698470600, guid: 02a34aa5aafc95a4390219cc425ffdab,
        type: 2}
      propertyPath: m_SizeDelta.y
      value: 60
      objectReference: {fileID: 0}
    - target: {fileID: 224123692977267240, guid: 02a34aa5aafc95a4390219cc425ffdab,
        type: 2}
      propertyPath: m_AnchorMin.y
      value: 1
      objectReference: {fileID: 0}
    - target: {fileID: 224123692977267240, guid: 02a34aa5aafc95a4390219cc425ffdab,
        type: 2}
      propertyPath: m_AnchorMax.y
      value: 1
      objectReference: {fileID: 0}
    - target: {fileID: 224123692977267240, guid: 02a34aa5aafc95a4390219cc425ffdab,
        type: 2}
      propertyPath: m_AnchoredPosition.x
      value: 177
      objectReference: {fileID: 0}
    - target: {fileID: 224123692977267240, guid: 02a34aa5aafc95a4390219cc425ffdab,
        type: 2}
      propertyPath: m_AnchoredPosition.y
      value: -50
      objectReference: {fileID: 0}
    - target: {fileID: 224123692977267240, guid: 02a34aa5aafc95a4390219cc425ffdab,
        type: 2}
      propertyPath: m_SizeDelta.x
      value: 60
      objectReference: {fileID: 0}
    - target: {fileID: 224123692977267240, guid: 02a34aa5aafc95a4390219cc425ffdab,
        type: 2}
      propertyPath: m_SizeDelta.y
      value: 60
      objectReference: {fileID: 0}
    - target: {fileID: 224707668099405802, guid: 02a34aa5aafc95a4390219cc425ffdab,
        type: 2}
      propertyPath: m_AnchorMin.y
      value: 1
      objectReference: {fileID: 0}
    - target: {fileID: 224707668099405802, guid: 02a34aa5aafc95a4390219cc425ffdab,
        type: 2}
      propertyPath: m_AnchorMax.y
      value: 1
      objectReference: {fileID: 0}
    - target: {fileID: 224707668099405802, guid: 02a34aa5aafc95a4390219cc425ffdab,
        type: 2}
      propertyPath: m_AnchoredPosition.x
      value: 45
      objectReference: {fileID: 0}
    - target: {fileID: 224707668099405802, guid: 02a34aa5aafc95a4390219cc425ffdab,
        type: 2}
      propertyPath: m_AnchoredPosition.y
      value: -116
      objectReference: {fileID: 0}
    - target: {fileID: 224707668099405802, guid: 02a34aa5aafc95a4390219cc425ffdab,
        type: 2}
      propertyPath: m_SizeDelta.x
      value: 60
      objectReference: {fileID: 0}
    - target: {fileID: 224707668099405802, guid: 02a34aa5aafc95a4390219cc425ffdab,
        type: 2}
      propertyPath: m_SizeDelta.y
      value: 60
      objectReference: {fileID: 0}
    - target: {fileID: 224688512374448654, guid: 02a34aa5aafc95a4390219cc425ffdab,
        type: 2}
      propertyPath: m_AnchorMin.y
      value: 1
      objectReference: {fileID: 0}
    - target: {fileID: 224688512374448654, guid: 02a34aa5aafc95a4390219cc425ffdab,
        type: 2}
      propertyPath: m_AnchorMax.y
      value: 1
      objectReference: {fileID: 0}
    - target: {fileID: 224688512374448654, guid: 02a34aa5aafc95a4390219cc425ffdab,
        type: 2}
      propertyPath: m_AnchoredPosition.x
      value: 111
      objectReference: {fileID: 0}
    - target: {fileID: 224688512374448654, guid: 02a34aa5aafc95a4390219cc425ffdab,
        type: 2}
      propertyPath: m_AnchoredPosition.y
      value: -116
      objectReference: {fileID: 0}
    - target: {fileID: 224688512374448654, guid: 02a34aa5aafc95a4390219cc425ffdab,
        type: 2}
      propertyPath: m_SizeDelta.x
      value: 60
      objectReference: {fileID: 0}
    - target: {fileID: 224688512374448654, guid: 02a34aa5aafc95a4390219cc425ffdab,
        type: 2}
      propertyPath: m_SizeDelta.y
      value: 60
      objectReference: {fileID: 0}
    - target: {fileID: 224854741794842330, guid: 02a34aa5aafc95a4390219cc425ffdab,
        type: 2}
      propertyPath: m_AnchorMin.y
      value: 1
      objectReference: {fileID: 0}
    - target: {fileID: 224854741794842330, guid: 02a34aa5aafc95a4390219cc425ffdab,
        type: 2}
      propertyPath: m_AnchorMax.y
      value: 1
      objectReference: {fileID: 0}
    - target: {fileID: 224854741794842330, guid: 02a34aa5aafc95a4390219cc425ffdab,
        type: 2}
      propertyPath: m_AnchoredPosition.x
      value: 177
      objectReference: {fileID: 0}
    - target: {fileID: 224854741794842330, guid: 02a34aa5aafc95a4390219cc425ffdab,
        type: 2}
      propertyPath: m_AnchoredPosition.y
      value: -116
      objectReference: {fileID: 0}
    - target: {fileID: 224854741794842330, guid: 02a34aa5aafc95a4390219cc425ffdab,
        type: 2}
      propertyPath: m_SizeDelta.x
      value: 60
      objectReference: {fileID: 0}
    - target: {fileID: 224854741794842330, guid: 02a34aa5aafc95a4390219cc425ffdab,
        type: 2}
      propertyPath: m_SizeDelta.y
      value: 60
      objectReference: {fileID: 0}
    - target: {fileID: 224638957078093772, guid: 02a34aa5aafc95a4390219cc425ffdab,
        type: 2}
      propertyPath: m_AnchorMin.y
      value: 1
      objectReference: {fileID: 0}
    - target: {fileID: 224638957078093772, guid: 02a34aa5aafc95a4390219cc425ffdab,
        type: 2}
      propertyPath: m_AnchorMax.y
      value: 1
      objectReference: {fileID: 0}
    - target: {fileID: 224638957078093772, guid: 02a34aa5aafc95a4390219cc425ffdab,
        type: 2}
      propertyPath: m_AnchoredPosition.x
      value: 45
      objectReference: {fileID: 0}
    - target: {fileID: 224638957078093772, guid: 02a34aa5aafc95a4390219cc425ffdab,
        type: 2}
      propertyPath: m_AnchoredPosition.y
      value: -182
      objectReference: {fileID: 0}
    - target: {fileID: 224638957078093772, guid: 02a34aa5aafc95a4390219cc425ffdab,
        type: 2}
      propertyPath: m_SizeDelta.x
      value: 60
      objectReference: {fileID: 0}
    - target: {fileID: 224638957078093772, guid: 02a34aa5aafc95a4390219cc425ffdab,
        type: 2}
      propertyPath: m_SizeDelta.y
      value: 60
      objectReference: {fileID: 0}
    - target: {fileID: 224207966701956332, guid: 02a34aa5aafc95a4390219cc425ffdab,
        type: 2}
      propertyPath: m_AnchorMin.y
      value: 1
      objectReference: {fileID: 0}
    - target: {fileID: 224207966701956332, guid: 02a34aa5aafc95a4390219cc425ffdab,
        type: 2}
      propertyPath: m_AnchorMax.y
      value: 1
      objectReference: {fileID: 0}
    - target: {fileID: 224207966701956332, guid: 02a34aa5aafc95a4390219cc425ffdab,
        type: 2}
      propertyPath: m_AnchoredPosition.x
      value: 111
      objectReference: {fileID: 0}
    - target: {fileID: 224207966701956332, guid: 02a34aa5aafc95a4390219cc425ffdab,
        type: 2}
      propertyPath: m_AnchoredPosition.y
      value: -182
      objectReference: {fileID: 0}
    - target: {fileID: 224207966701956332, guid: 02a34aa5aafc95a4390219cc425ffdab,
        type: 2}
      propertyPath: m_SizeDelta.x
      value: 60
      objectReference: {fileID: 0}
    - target: {fileID: 224207966701956332, guid: 02a34aa5aafc95a4390219cc425ffdab,
        type: 2}
      propertyPath: m_SizeDelta.y
      value: 60
      objectReference: {fileID: 0}
    - target: {fileID: 224588657139906554, guid: 02a34aa5aafc95a4390219cc425ffdab,
        type: 2}
      propertyPath: m_AnchorMin.y
      value: 1
      objectReference: {fileID: 0}
    - target: {fileID: 224588657139906554, guid: 02a34aa5aafc95a4390219cc425ffdab,
        type: 2}
      propertyPath: m_AnchorMax.y
      value: 1
      objectReference: {fileID: 0}
    - target: {fileID: 224588657139906554, guid: 02a34aa5aafc95a4390219cc425ffdab,
        type: 2}
      propertyPath: m_AnchoredPosition.x
      value: 177
      objectReference: {fileID: 0}
    - target: {fileID: 224588657139906554, guid: 02a34aa5aafc95a4390219cc425ffdab,
        type: 2}
      propertyPath: m_AnchoredPosition.y
      value: -182
      objectReference: {fileID: 0}
    - target: {fileID: 224588657139906554, guid: 02a34aa5aafc95a4390219cc425ffdab,
        type: 2}
      propertyPath: m_SizeDelta.x
      value: 60
      objectReference: {fileID: 0}
    - target: {fileID: 224588657139906554, guid: 02a34aa5aafc95a4390219cc425ffdab,
        type: 2}
      propertyPath: m_SizeDelta.y
      value: 60
      objectReference: {fileID: 0}
    - target: {fileID: 224990844405383396, guid: 02a34aa5aafc95a4390219cc425ffdab,
        type: 2}
      propertyPath: m_AnchorMin.y
      value: 1
      objectReference: {fileID: 0}
    - target: {fileID: 224990844405383396, guid: 02a34aa5aafc95a4390219cc425ffdab,
        type: 2}
      propertyPath: m_AnchorMax.y
      value: 1
      objectReference: {fileID: 0}
    - target: {fileID: 224990844405383396, guid: 02a34aa5aafc95a4390219cc425ffdab,
        type: 2}
      propertyPath: m_AnchoredPosition.x
      value: 45
      objectReference: {fileID: 0}
    - target: {fileID: 224990844405383396, guid: 02a34aa5aafc95a4390219cc425ffdab,
        type: 2}
      propertyPath: m_AnchoredPosition.y
      value: -50
      objectReference: {fileID: 0}
    - target: {fileID: 224990844405383396, guid: 02a34aa5aafc95a4390219cc425ffdab,
        type: 2}
      propertyPath: m_SizeDelta.x
      value: 60
      objectReference: {fileID: 0}
    - target: {fileID: 224990844405383396, guid: 02a34aa5aafc95a4390219cc425ffdab,
        type: 2}
      propertyPath: m_SizeDelta.y
      value: 60
      objectReference: {fileID: 0}
    - target: {fileID: 224967231526992994, guid: 02a34aa5aafc95a4390219cc425ffdab,
        type: 2}
      propertyPath: m_AnchorMin.y
      value: 1
      objectReference: {fileID: 0}
    - target: {fileID: 224967231526992994, guid: 02a34aa5aafc95a4390219cc425ffdab,
        type: 2}
      propertyPath: m_AnchorMax.y
      value: 1
      objectReference: {fileID: 0}
    - target: {fileID: 224967231526992994, guid: 02a34aa5aafc95a4390219cc425ffdab,
        type: 2}
      propertyPath: m_AnchoredPosition.x
      value: 111
      objectReference: {fileID: 0}
    - target: {fileID: 224967231526992994, guid: 02a34aa5aafc95a4390219cc425ffdab,
        type: 2}
      propertyPath: m_AnchoredPosition.y
      value: -50
      objectReference: {fileID: 0}
    - target: {fileID: 224967231526992994, guid: 02a34aa5aafc95a4390219cc425ffdab,
        type: 2}
      propertyPath: m_SizeDelta.x
      value: 60
      objectReference: {fileID: 0}
    - target: {fileID: 224967231526992994, guid: 02a34aa5aafc95a4390219cc425ffdab,
        type: 2}
      propertyPath: m_SizeDelta.y
      value: 60
      objectReference: {fileID: 0}
    - target: {fileID: 224278863510745926, guid: 02a34aa5aafc95a4390219cc425ffdab,
        type: 2}
      propertyPath: m_AnchorMin.y
      value: 1
      objectReference: {fileID: 0}
    - target: {fileID: 224278863510745926, guid: 02a34aa5aafc95a4390219cc425ffdab,
        type: 2}
      propertyPath: m_AnchorMax.y
      value: 1
      objectReference: {fileID: 0}
    - target: {fileID: 224278863510745926, guid: 02a34aa5aafc95a4390219cc425ffdab,
        type: 2}
      propertyPath: m_AnchoredPosition.x
      value: 177
      objectReference: {fileID: 0}
    - target: {fileID: 224278863510745926, guid: 02a34aa5aafc95a4390219cc425ffdab,
        type: 2}
      propertyPath: m_AnchoredPosition.y
      value: -50
      objectReference: {fileID: 0}
    - target: {fileID: 224278863510745926, guid: 02a34aa5aafc95a4390219cc425ffdab,
        type: 2}
      propertyPath: m_SizeDelta.x
      value: 60
      objectReference: {fileID: 0}
    - target: {fileID: 224278863510745926, guid: 02a34aa5aafc95a4390219cc425ffdab,
        type: 2}
      propertyPath: m_SizeDelta.y
      value: 60
      objectReference: {fileID: 0}
    - target: {fileID: 224392505912308012, guid: 02a34aa5aafc95a4390219cc425ffdab,
        type: 2}
      propertyPath: m_AnchorMin.y
      value: 1
      objectReference: {fileID: 0}
    - target: {fileID: 224392505912308012, guid: 02a34aa5aafc95a4390219cc425ffdab,
        type: 2}
      propertyPath: m_AnchorMax.y
      value: 1
      objectReference: {fileID: 0}
    - target: {fileID: 224392505912308012, guid: 02a34aa5aafc95a4390219cc425ffdab,
        type: 2}
      propertyPath: m_AnchoredPosition.x
      value: 243
      objectReference: {fileID: 0}
    - target: {fileID: 224392505912308012, guid: 02a34aa5aafc95a4390219cc425ffdab,
        type: 2}
      propertyPath: m_AnchoredPosition.y
      value: -50
      objectReference: {fileID: 0}
    - target: {fileID: 224392505912308012, guid: 02a34aa5aafc95a4390219cc425ffdab,
        type: 2}
      propertyPath: m_SizeDelta.x
      value: 60
      objectReference: {fileID: 0}
    - target: {fileID: 224392505912308012, guid: 02a34aa5aafc95a4390219cc425ffdab,
        type: 2}
      propertyPath: m_SizeDelta.y
      value: 60
      objectReference: {fileID: 0}
    - target: {fileID: 224909644814360844, guid: 02a34aa5aafc95a4390219cc425ffdab,
        type: 2}
      propertyPath: m_AnchorMin.y
      value: 1
      objectReference: {fileID: 0}
    - target: {fileID: 224909644814360844, guid: 02a34aa5aafc95a4390219cc425ffdab,
        type: 2}
      propertyPath: m_AnchorMax.y
      value: 1
      objectReference: {fileID: 0}
    - target: {fileID: 224909644814360844, guid: 02a34aa5aafc95a4390219cc425ffdab,
        type: 2}
      propertyPath: m_AnchoredPosition.x
      value: 45
      objectReference: {fileID: 0}
    - target: {fileID: 224909644814360844, guid: 02a34aa5aafc95a4390219cc425ffdab,
        type: 2}
      propertyPath: m_AnchoredPosition.y
      value: -116
      objectReference: {fileID: 0}
    - target: {fileID: 224909644814360844, guid: 02a34aa5aafc95a4390219cc425ffdab,
        type: 2}
      propertyPath: m_SizeDelta.x
      value: 60
      objectReference: {fileID: 0}
    - target: {fileID: 224909644814360844, guid: 02a34aa5aafc95a4390219cc425ffdab,
        type: 2}
      propertyPath: m_SizeDelta.y
      value: 60
      objectReference: {fileID: 0}
    - target: {fileID: 224011108880644450, guid: 02a34aa5aafc95a4390219cc425ffdab,
        type: 2}
      propertyPath: m_AnchorMin.y
      value: 1
      objectReference: {fileID: 0}
    - target: {fileID: 224011108880644450, guid: 02a34aa5aafc95a4390219cc425ffdab,
        type: 2}
      propertyPath: m_AnchorMax.y
      value: 1
      objectReference: {fileID: 0}
    - target: {fileID: 224011108880644450, guid: 02a34aa5aafc95a4390219cc425ffdab,
        type: 2}
      propertyPath: m_AnchoredPosition.x
      value: 111
      objectReference: {fileID: 0}
    - target: {fileID: 224011108880644450, guid: 02a34aa5aafc95a4390219cc425ffdab,
        type: 2}
      propertyPath: m_AnchoredPosition.y
      value: -116
      objectReference: {fileID: 0}
    - target: {fileID: 224011108880644450, guid: 02a34aa5aafc95a4390219cc425ffdab,
        type: 2}
      propertyPath: m_SizeDelta.x
      value: 60
      objectReference: {fileID: 0}
    - target: {fileID: 224011108880644450, guid: 02a34aa5aafc95a4390219cc425ffdab,
        type: 2}
      propertyPath: m_SizeDelta.y
      value: 60
      objectReference: {fileID: 0}
    - target: {fileID: 224884441078105622, guid: 02a34aa5aafc95a4390219cc425ffdab,
        type: 2}
      propertyPath: m_AnchorMin.y
      value: 1
      objectReference: {fileID: 0}
    - target: {fileID: 224884441078105622, guid: 02a34aa5aafc95a4390219cc425ffdab,
        type: 2}
      propertyPath: m_AnchorMax.y
      value: 1
      objectReference: {fileID: 0}
    - target: {fileID: 224884441078105622, guid: 02a34aa5aafc95a4390219cc425ffdab,
        type: 2}
      propertyPath: m_AnchoredPosition.x
      value: 177
      objectReference: {fileID: 0}
    - target: {fileID: 224884441078105622, guid: 02a34aa5aafc95a4390219cc425ffdab,
        type: 2}
      propertyPath: m_AnchoredPosition.y
      value: -116
      objectReference: {fileID: 0}
    - target: {fileID: 224884441078105622, guid: 02a34aa5aafc95a4390219cc425ffdab,
        type: 2}
      propertyPath: m_SizeDelta.x
      value: 60
      objectReference: {fileID: 0}
    - target: {fileID: 224884441078105622, guid: 02a34aa5aafc95a4390219cc425ffdab,
        type: 2}
      propertyPath: m_SizeDelta.y
      value: 60
      objectReference: {fileID: 0}
    - target: {fileID: 224948995266351086, guid: 02a34aa5aafc95a4390219cc425ffdab,
        type: 2}
      propertyPath: m_AnchorMin.y
      value: 1
      objectReference: {fileID: 0}
    - target: {fileID: 224948995266351086, guid: 02a34aa5aafc95a4390219cc425ffdab,
        type: 2}
      propertyPath: m_AnchorMax.y
      value: 1
      objectReference: {fileID: 0}
    - target: {fileID: 224948995266351086, guid: 02a34aa5aafc95a4390219cc425ffdab,
        type: 2}
      propertyPath: m_AnchoredPosition.x
      value: 243
      objectReference: {fileID: 0}
    - target: {fileID: 224948995266351086, guid: 02a34aa5aafc95a4390219cc425ffdab,
        type: 2}
      propertyPath: m_AnchoredPosition.y
      value: -116
      objectReference: {fileID: 0}
    - target: {fileID: 224948995266351086, guid: 02a34aa5aafc95a4390219cc425ffdab,
        type: 2}
      propertyPath: m_SizeDelta.x
      value: 60
      objectReference: {fileID: 0}
    - target: {fileID: 224948995266351086, guid: 02a34aa5aafc95a4390219cc425ffdab,
        type: 2}
      propertyPath: m_SizeDelta.y
      value: 60
      objectReference: {fileID: 0}
    - target: {fileID: 224652191865234990, guid: 02a34aa5aafc95a4390219cc425ffdab,
        type: 2}
      propertyPath: m_LocalPosition.z
      value: 0
      objectReference: {fileID: 0}
    m_RemovedComponents: []
  m_SourcePrefab: {fileID: 100100000, guid: 02a34aa5aafc95a4390219cc425ffdab, type: 2}
  m_IsPrefabAsset: 0
--- !u!4 &1787618048 stripped
Transform:
  m_CorrespondingSourceObject: {fileID: 400000, guid: 2efb098e46ba3e44cae4f1ba84005732,
    type: 2}
  m_PrefabInternal: {fileID: 1517505229}
--- !u!1 &2033797563
GameObject:
  m_ObjectHideFlags: 0
  m_CorrespondingSourceObject: {fileID: 0}
  m_PrefabInternal: {fileID: 0}
  serializedVersion: 6
  m_Component:
  - component: {fileID: 2033797565}
  - component: {fileID: 2033797564}
  m_Layer: 0
  m_Name: Enemys
  m_TagString: Untagged
  m_Icon: {fileID: 0}
  m_NavMeshLayer: 0
  m_StaticEditorFlags: 0
  m_IsActive: 1
--- !u!114 &2033797564
MonoBehaviour:
  m_ObjectHideFlags: 0
  m_CorrespondingSourceObject: {fileID: 0}
  m_PrefabInternal: {fileID: 0}
  m_GameObject: {fileID: 2033797563}
  m_Enabled: 1
  m_EditorHideFlags: 0
  m_Script: {fileID: 11500000, guid: bcc2152befb6cbb4caec5dd4699210ba, type: 3}
  m_Name: 
  m_EditorClassIdentifier: 
  enemys:
  - {fileID: 1539983079}
  - {fileID: 276706402}
  - {fileID: 1692895238}
  - {fileID: 848200206}
  - {fileID: 608919293}
  - {fileID: 775571207}
  - {fileID: 1085467988}
--- !u!4 &2033797565
Transform:
  m_ObjectHideFlags: 0
  m_CorrespondingSourceObject: {fileID: 0}
  m_PrefabInternal: {fileID: 0}
  m_GameObject: {fileID: 2033797563}
  m_LocalRotation: {x: 0, y: 0, z: 0, w: 1}
  m_LocalPosition: {x: 0, y: -1, z: 0}
  m_LocalScale: {x: 1, y: 1, z: 1}
  m_Children:
  - {fileID: 1539983088}
  - {fileID: 276706411}
  - {fileID: 1692895247}
  - {fileID: 848200215}
  - {fileID: 608919302}
  - {fileID: 775571216}
  - {fileID: 1085467997}
  m_Father: {fileID: 0}
  m_RootOrder: 9
  m_LocalEulerAnglesHint: {x: 0, y: 0, z: 0}
--- !u!1001 &2042106193
Prefab:
  m_ObjectHideFlags: 0
  serializedVersion: 2
  m_Modification:
    m_TransformParent: {fileID: 2033797565}
    m_Modifications:
    - target: {fileID: 4248091451230576, guid: 6b05daf74db88bc40bf0ba1b75f66df7, type: 2}
      propertyPath: m_LocalPosition.x
      value: 6
      objectReference: {fileID: 0}
    - target: {fileID: 4248091451230576, guid: 6b05daf74db88bc40bf0ba1b75f66df7, type: 2}
      propertyPath: m_LocalPosition.y
      value: 0.17999268
      objectReference: {fileID: 0}
    - target: {fileID: 4248091451230576, guid: 6b05daf74db88bc40bf0ba1b75f66df7, type: 2}
      propertyPath: m_LocalPosition.z
      value: 3
      objectReference: {fileID: 0}
    - target: {fileID: 4248091451230576, guid: 6b05daf74db88bc40bf0ba1b75f66df7, type: 2}
      propertyPath: m_LocalRotation.x
      value: -0
      objectReference: {fileID: 0}
    - target: {fileID: 4248091451230576, guid: 6b05daf74db88bc40bf0ba1b75f66df7, type: 2}
      propertyPath: m_LocalRotation.y
      value: -0
      objectReference: {fileID: 0}
    - target: {fileID: 4248091451230576, guid: 6b05daf74db88bc40bf0ba1b75f66df7, type: 2}
      propertyPath: m_LocalRotation.z
      value: -0
      objectReference: {fileID: 0}
    - target: {fileID: 4248091451230576, guid: 6b05daf74db88bc40bf0ba1b75f66df7, type: 2}
      propertyPath: m_LocalRotation.w
      value: 1
      objectReference: {fileID: 0}
    - target: {fileID: 4248091451230576, guid: 6b05daf74db88bc40bf0ba1b75f66df7, type: 2}
      propertyPath: m_RootOrder
      value: 2
      objectReference: {fileID: 0}
    - target: {fileID: 1487931366531144, guid: 6b05daf74db88bc40bf0ba1b75f66df7, type: 2}
      propertyPath: m_Name
      value: Enemy (3)
      objectReference: {fileID: 0}
    m_RemovedComponents: []
  m_SourcePrefab: {fileID: 100100000, guid: 6b05daf74db88bc40bf0ba1b75f66df7, type: 2}
  m_IsPrefabAsset: 0
--- !u!1001 &2099799487
Prefab:
  m_ObjectHideFlags: 0
  serializedVersion: 2
  m_Modification:
    m_TransformParent: {fileID: 2033797565}
    m_Modifications:
    - target: {fileID: 4248091451230576, guid: 6b05daf74db88bc40bf0ba1b75f66df7, type: 2}
      propertyPath: m_LocalPosition.x
      value: 11.03
      objectReference: {fileID: 0}
    - target: {fileID: 4248091451230576, guid: 6b05daf74db88bc40bf0ba1b75f66df7, type: 2}
      propertyPath: m_LocalPosition.y
      value: 0.6
      objectReference: {fileID: 0}
    - target: {fileID: 4248091451230576, guid: 6b05daf74db88bc40bf0ba1b75f66df7, type: 2}
      propertyPath: m_LocalPosition.z
      value: 8.87
      objectReference: {fileID: 0}
    - target: {fileID: 4248091451230576, guid: 6b05daf74db88bc40bf0ba1b75f66df7, type: 2}
      propertyPath: m_LocalRotation.x
      value: -0
      objectReference: {fileID: 0}
    - target: {fileID: 4248091451230576, guid: 6b05daf74db88bc40bf0ba1b75f66df7, type: 2}
      propertyPath: m_LocalRotation.y
      value: -0
      objectReference: {fileID: 0}
    - target: {fileID: 4248091451230576, guid: 6b05daf74db88bc40bf0ba1b75f66df7, type: 2}
      propertyPath: m_LocalRotation.z
      value: -0
      objectReference: {fileID: 0}
    - target: {fileID: 4248091451230576, guid: 6b05daf74db88bc40bf0ba1b75f66df7, type: 2}
      propertyPath: m_LocalRotation.w
      value: 1
      objectReference: {fileID: 0}
    - target: {fileID: 4248091451230576, guid: 6b05daf74db88bc40bf0ba1b75f66df7, type: 2}
      propertyPath: m_RootOrder
      value: 4
      objectReference: {fileID: 0}
    - target: {fileID: 1487931366531144, guid: 6b05daf74db88bc40bf0ba1b75f66df7, type: 2}
      propertyPath: m_Name
      value: Enemy (5)
      objectReference: {fileID: 0}
    - target: {fileID: 114801327658754250, guid: 6b05daf74db88bc40bf0ba1b75f66df7,
        type: 2}
      propertyPath: playerTransform
      value: 
      objectReference: {fileID: 0}
    m_RemovedComponents: []
  m_SourcePrefab: {fileID: 100100000, guid: 6b05daf74db88bc40bf0ba1b75f66df7, type: 2}
  m_IsPrefabAsset: 0
